1788 3200
270 345 289 372 4

269 530 286 558 5

267 1145 285 1173 m

265 2568 282 2596 3

319 191 373 231 34
762 190 1003 226 CORNELII
1024 190 1234 227 NEPOTIS

318 268 547 322 Syracusas
572 261 783 304 introierit.
822 275 873 302 ex
898 275 979 315 quo
1008 260 1181 316 intelligi
1210 265 1363 315 potest,
1395 260 1563 312 nullum⁴
1580 274 1671 301 esse

314 327 533 382 imperium
565 331 697 365 tutum
727 324 807 364 nisi
837 323 1123 366 benevolentia
1152 323 1367 363 munitum.
1411 337 1459 363 eo
1489 329 1671 377 tempore

314 390 454 431 aberat
478 386 709 441 Dionysius
736 392 776 426 et
799 385 840 426 in
866 385 987 427 Italia
1012 386 1190 426 classem
1215 383 1504 439 opperiebatur
1527 385 1672 425 adver—

314 451 526 498 sariorum,
553 456 665 489 ratus
690 447 897 488 neminem
923 448 1010 488 sine
1035 447 1197 501 magnis
1224 447 1352 501 copiis
1379 447 1431 487 ad
1457 461 1501 487 se
1526 453 1672 487 ventu-

312 529 415 554 rum.
453 526 558 565 quae
588 525 653 551 res
680 525 774 551 eum
806 509 965 550 fefellit.
1003 525 1099 550 nam
1124 509 1238 549 Dion
1267 509 1317 549 iis
1342 508 1464 563 ipsis,
1496 508 1567 562 qui
1593 508 1670 548 sub

311 573 535 616 adversarii
567 572 727 612 fuerant
758 577 980 625 potestate,
1017 571 1153 625 regios
1186 570 1354 624 spiritus
1384 570 1581 625 repressit
1611 576 1671 610 to-

311 637 475 688 tiusque
501 634 588 674 eius
614 633 740 687 partis
769 631 934 673 Siciliae
959 632 1114 686 potitus
1140 639 1214 681 est,
1241 647 1347 684 quae
1373 632 1450 673 sub
1475 631 1671 686 Dionysii

310 699 445 738 fuerat
475 702 694 750 potestate,
726 695 895 748 parique
926 694 1050 734 modo
1079 693 1194 734 urbis
1222 692 1524 748 Syracusarum
1553 708 1671 749 prae-

311 768 372 800 ter
396 772 533 798 arcem
558 763 598 796 et
628 755 807 795 insulam
837 754 1074 795 adiunctam
1100 755 1270 809 oppido,
1303 769 1433 808 eoque
1463 770 1550 796 rem
1578 770 1671 810 per-

309 820 439 868 duxit,
465 824 510 859 ut
534 816 685 858 talibus
705 815 965 870 pactionibus
985 831 1130 870 pacem
1150 822 1348 870 tyrannus
1374 816 1509 857 facere
1528 817 1669 857 vellet:

312 882 497 924 Siciliam
533 879 649 922 Dion
685 878 905 927 obtineret,
943 878 1107 918 Italiam
1141 877 1393 933 Dionysius,
1439 877 1670 933 Syracusas

309 943 618 998 Apollocrates,
646 940 713 981 cui
737 940 962 980 maximam
986 940 1111 980 fidem
1136 940 1207 980 uni
1231 939 1410 981 habebat
1434 940 1561 982 Dion.

377 1004 453 1046 VI.
491 1002 584 1044 Has
611 1009 695 1043 tam
725 1016 944 1056 prosperas
976 1007 1143 1055 tamque
1173 1002 1405 1057 inopinatas
1436 1018 1502 1044 res
1527 1017 1671 1044 conse-

310 1074 405 1108 cuta
430 1072 493 1107 est
519 1065 656 1106 subita
681 1064 965 1113 commutatio,
998 1064 1110 1117 quod
1141 1063 1306 1105 fortuna
1331 1079 1405 1105 sua
1431 1064 1669 1113 mobilitate,

311 1144 435 1184 quem
459 1127 583 1183 paulo
609 1133 702 1168 ante
723 1126 936 1175 extulerat,
964 1126 1203 1181 demergere
1223 1133 1285 1167 est
1304 1127 1459 1167 adorta.
1491 1127 1670 1181 primuni

309 1192 351 1232 in
376 1191 478 1240 filio,
511 1190 561 1230 de
587 1203 669 1242 quo
695 1188 1014 1229 commemoravi
1040 1202 1182 1242 supra,
1217 1203 1333 1229 suam
1364 1189 1450 1228 vim
1475 1189 1668 1229 exercuit.

309 1269 406 1294 nam
431 1267 525 1293 cum
555 1266 726 1291 uxorem
755 1250 1006 1298 reduxisset,
1038 1264 1143 1302 quae
1169 1250 1237 1290 alii
1269 1250 1402 1291 fuerat
1427 1251 1592 1300 tradita,
1625 1250 1671 1290 fi-

310 1315 493 1367 liumque
517 1312 640 1353 vellet
666 1326 858 1352 revocare
883 1312 936 1351 ad
956 1311 1148 1352 virtutem
1174 1327 1197 1351 a
1221 1312 1381 1366 perdita
1404 1312 1577 1362 luxuria,
1604 1328 1671 1353 ac-

311 1378 417 1431 cepit
448 1375 743 1431 gravissimum
773 1388 921 1428 parens
954 1373 1103 1414 vulnus
1129 1381 1258 1414 morte
1284 1374 1367 1414 filii.
1405 1375 1553 1415 deinde
1584 1385 1672 1415 orta

309 1439 515 1479 dissensio
541 1442 603 1477 est
627 1436 733 1476 inter
758 1450 852 1476 eum
884 1441 923 1476 et
948 1434 1232 1485 Heraclidem,
1266 1436 1354 1489 qui,
1387 1436 1498 1489 quod
1521 1437 1672 1490 princi-

308 1506 452 1554 patum
483 1513 567 1539 non
598 1497 869 1546 concedebat,
907 1496 1129 1537 factionem
1161 1497 1426 1551 comparavit.
1470 1512 1604 1551 neque
1635 1498 1669 1539 is

310 1562 445 1602 minus
473 1559 634 1601 valebat
660 1559 771 1613 apud
795 1559 1027 1613 optimates,
1054 1573 1229 1612 quorum
1255 1574 1460 1600 consensu
1484 1566 1670 1614 praeerat

310 1624 450 1671 classi,
484 1638 577 1663 eum
602 1622 716 1662 Dion
748 1621 972 1662 exercitum
1002 1621 1237 1676 pedestrem
1268 1627 1435 1662 teneret.
1472 1636 1555 1662 non
1579 1622 1670 1662 tulit

308 1686 387 1726 hoe
412 1685 548 1726 animo
573 1698 705 1737 aequo
731 1683 845 1724 Dion
870 1690 910 1723 et
934 1698 1099 1724 versum
1125 1683 1240 1723 illum
1260 1683 1435 1724 Homeri
1458 1683 1595 1724 retulit
1619 1698 1670 1724 ex

310 1747 491 1788 secunda
515 1745 755 1799 rhapsodia,
787 1745 828 1785 in
855 1759 936 1798 quo
961 1744 1064 1785 haec
1097 1745 1299 1785 sententia
1325 1751 1405 1786 est:
1437 1760 1520 1786 non
1544 1760 1669 1800 posse

308 1809 413 1850 bene
439 1808 527 1863 geri
551 1822 639 1848 rem
663 1806 871 1861 publicam
896 1805 1118 1847 multorum
1144 1806 1340 1860 imperiis.
1378 1808 1489 1860 quod
1514 1807 1668 1847 dictum

309 1886 461 1926 magna
479 1869 633 1910 invidia
652 1875 873 1909 consecuta
893 1875 967 1909 est.
1004 1882 1182 1920 namque
1202 1868 1413 1922 aperuisse
1438 1867 1667 1916 videbatur,

310 1933 447 1974 onmia
471 1932 514 1972 in
534 1947 609 1972 sua
628 1936 831 1985 potestate
850 1945 942 1970 esse
968 1929 1085 1970 velle.
1122 1930 1228 1970 hanc
1253 1930 1319 1970 ille
1345 1945 1427 1971 non
1451 1930 1577 1970 lenire
1597 1930 1670 1970 ob-

311 1995 473 2049 sequio,
507 1994 581 2034 sed
612 1992 832 2034 acerbitate
863 1991 1094 2046 opprimere
1126 1991 1282 2031 studuit
1306 1991 1667 2045 Heraelidemque,

309 2073 402 2099 cum
431 2056 661 2111 Syracusas
689 2055 887 2103 venisset,
914 2053 1245 2094 interficiundum
1271 2054 1440 2095 curavit.

376 2119 413 2159 V
418 2119 474 2159 II.
514 2117 640 2170 Quod
664 2117 820 2158 factum
840 2115 1031 2157 omnibus
1051 2115 1279 2156 maximum
1304 2116 1491 2156 timorem
1517 2115 1666 2156 iniecit.

307 2196 429 2223 nemo
449 2180 558 2221 enim
582 2180 652 2220 illo
672 2179 886 2220 interfecto
912 2193 956 2219 se
975 2184 1108 2219 tutum
1127 2178 1309 2232 putabat.
1348 2179 1415 2219 ille
1436 2185 1572 2219 autem
1598 2178 1669 2218 ad-

308 2243 489 2285 versario
514 2248 670 2283 remoto
695 2241 883 2282 licentius
910 2255 1050 2281 eorum
1070 2239 1190 2289 bona,
1218 2255 1322 2293 quos
1343 2240 1499 2281 sciebat
1524 2240 1669 2280 advcr—
1705 2245 1709 2249 ”

310 2321 380 2347 sus
407 2320 450 2346 sc
477 2304 677 2353 sensisse,
711 2302 908 2344 militibus
941 2302 1183 2356 dispertivit.
1222 2302 1372 2355 quibus
1404 2302 1547 2343 divisis
1574 2315 1669 2342 cum

308 2367 535 2422 quotidiani
565 2365 734 2407 maximi
765 2365 907 2406 fierent
939 2370 1147 2418 sumptus,
1179 2364 1364 2404 celeriter
1392 2364 1568 2418 pecunia
1599 2363 1670 2403 de—

308 2445 400 2471 esse
426 2429 576 2484 coepit,
603 2442 749 2481 neque,
776 2442 857 2481 quo
883 2441 1029 2467 manus
1055 2425 1292 2480 porrigeret,
1321 2425 1564 2480 suppetebat
1589 2425 1668 2465 nisi

306 2493 350 2532 in
376 2492 601 2533 amicorum
625 2490 926 2545 possessiones.
964 2488 1007 2528 id
1032 2488 1235 2529 eiusmodi
1260 2495 1363 2537 erat,
1391 2494 1445 2536 ut,
1473 2502 1568 2528 eum
1594 2486 1668 2526 mi-

308 2554 398 2594 lites
414 2552 731 2601 reconciliasset,
753 2551 954 2592 amitteret
975 2550 1206 2605 optimates,
1233 2565 1406 2603 quarum
1421 2564 1555 2590 rerum
1571 2562 1667 2588 cura

309 2615 575 2669 frangebatur
606 2621 646 2655 et
676 2615 861 2655 insuetus
893 2612 998 2654 male
1030 2612 1223 2653 audiendi
1256 2627 1338 2653 non
1369 2611 1504 2652 animo
1536 2624 1666 2662 aequo

310 2676 483 2724 screbat,
516 2677 567 2716 dc
593 2691 636 2716 sc
662 2676 713 2716 ab
739 2676 788 2716 iis
814 2675 920 2715 male
952 2674 1195 2723 existimari,
1228 2688 1402 2726 quorum
1426 2671 1548 2727 paulo
1574 2681 1666 2711 ante
1713 2690 1715 2692 ·
