1741 3184
609 197 916 233 IPHICRATES.
1388 189 1440 230 37

93 277 189 317 dere
220 277 420 323 detracto,
458 273 570 327 quod
601 288 730 325 aeque
762 287 910 326 corpus
943 279 1098 327 tegeret
1129 278 1167 313 ct
1199 272 1288 314 leve
1324 280 1445 322 esset,

94 338 263 378 curavit.

161 399 219 439 II.
255 398 419 439 Bellum
455 411 549 436 cum
580 394 812 436 Thracibus
848 394 996 449 gessit,
1036 393 1252 444 Seuthem,
1291 395 1446 436 socium
1477 410 1489 438 1

93 459 423 506 Atheniensium,
448 457 492 497 in
510 471 685 512 regnum
708 456 898 497 restituit.
937 455 1047 509 apud
1068 455 1312 496 Corinthum
1338 463 1450 497 tanta

94 521 308 562 severitate
340 518 536 560 exercitui
564 517 760 573 praefuit,
792 523 837 557 ut
865 517 1001 558 nullae
1031 532 1229 570 umquam
1253 518 1295 558 in
1321 517 1450 559 Grae-

93 583 156 623 cia
178 596 313 634 neque
339 580 642 622 exercitatiores
663 579 804 633 copiae
829 593 963 631 neque
988 578 1122 633 magis
1148 578 1257 620 dicto
1282 579 1450 619 audien-

93 652 153 685 tes
184 643 337 684 fuerint
369 642 481 692 duci,
520 642 562 682 in
592 655 765 694 eamque
797 640 1135 681 consuetudinem
1167 640 1354 689 adduxit,
1392 646 1448 689 ut,

93 721 187 747 cum
206 705 348 759 proclii
374 705 538 760 signum
564 704 616 745 ab
640 704 885 757 imperatore
911 708 1019 743 esset
1039 702 1193 752 datum,
1221 703 1308 743 sine
1333 703 1449 743 ducis

93 782 218 822 opera
242 767 302 808 sie
326 767 536 807 ordinatae
562 765 849 813 consisterent,
876 770 922 804 ut
947 763 1099 819 singuli
1124 763 1175 804 ab
1200 764 1449 818 peritissimo

94 829 338 883 imperatore
370 827 559 882 dispositi
589 826 836 867 viderentur.
873 825 952 866 hoc
977 825 1159 865 exercitu
1182 840 1340 865 moram
1365 826 1450 865 La-
1477 838 1495 865 3

95 891 452 931 cedaemoniorum
482 888 703 938 interfecit,
735 887 846 941 quod
876 887 1054 928 maxime
1085 893 1170 928 tota
1200 886 1449 927 celebratum

95 958 157 993 est
183 950 370 993 Graecia.
408 952 557 991 iterum
583 950 727 991 eodem
753 949 861 990 bello
886 963 1029 989 omnes
1055 949 1194 1002 copias
1221 963 1362 988 eorum
1386 949 1452 988 su-

94 1013 206 1069 gavit
216 1029 226 1063 3
259 1028 339 1066 quo
370 1012 480 1052 facto
505 1026 699 1066 magnam
730 1011 903 1064 adeptus
935 1016 997 1050 cst
1026 1010 1213 1065 gloriam.
1251 1023 1345 1049 cum
1369 1008 1452 1049 Ar-
1477 1024 1494 1050 4

96 1086 283 1115 taxerxes
308 1072 521 1127 Aegyptio
552 1072 641 1126 regi
664 1071 819 1112 bellum
850 1070 999 1111 inferre
1024 1070 1171 1119 voluit,
1202 1069 1452 1124 Iphicraten]

95 1135 146 1176 ab
177 1134 505 1175 Atheniensibus
537 1134 685 1174 ducem
714 1132 877 1186 petivit,
915 1146 1039 1185 quem
1067 1131 1307 1186 praeficeret
1338 1146 1453 1171 exer-

95 1196 194 1237 citui
225 1195 500 1244 conducticio,
539 1195 656 1236 cuius
687 1209 883 1235 numerus
920 1193 1137 1234 duodecim
1172 1193 1331 1233 milium
1362 1194 1451 1233 fuit.

95 1273 218 1311 quem
254 1258 420 1310 quidem
458 1257 517 1297 sie
551 1256 663 1297 omni
700 1256 917 1310 disciplina
958 1255 1121 1295 militari
1158 1255 1351 1304 erudivit,
1396 1261 1450 1303 ut,

96 1320 444 1372 quemadmodum
480 1318 689 1371 quondam
718 1317 894 1359 Fabiani
924 1317 1073 1357 milites
1104 1316 1283 1357 Romani
1313 1317 1453 1370 appel-

96 1381 165 1422 lati
191 1389 296 1431 sunt,
324 1382 383 1422 sic
409 1381 713 1435 Iphicratenses
739 1380 850 1433 apud
870 1377 1052 1420 Graecos
1077 1378 1121 1418 in
1146 1393 1307 1418 summa
1331 1378 1452 1418 laude

97 1444 258 1484 suerint.
307 1444 416 1484 idem
448 1443 632 1483 subsidio
664 1441 1009 1483 Lacedaemoniis
1040 1440 1249 1495 profectus
1279 1440 1452 1494 Epami·
1479 1455 1496 1482 ῑ)

96 1506 255 1546 nondae
280 1505 501 1546 retardavit
525 1505 716 1559 impetus.
755 1519 850 1544 nam
874 1504 954 1543 nisi
974 1503 1062 1543 eius
1083 1503 1283 1543 adventus
1304 1517 1451 1556 appro-

95 1568 347 1622 pinquasset,
374 1582 454 1607 non
473 1568 586 1622 prius
608 1566 797 1607 Thebani
819 1564 969 1620 Sparta
988 1564 1299 1614 abscessissent,
1326 1579 1451 1617 quam

96 1636 258 1683 captam
283 1629 471 1669 incendio
497 1628 714 1669 delessent.

163 1692 243 1732 ΙΙΙ.
281 1692 377 1732 Fuit
401 1698 538 1732 autem
563 1697 603 1731 et
628 1691 764 1732 animo
795 1705 945 1745 magno
971 1696 1010 1730 et
1036 1704 1203 1744 corpore
1233 1690 1452 1743 imperato·
1481 1702 1493 1729 1

96 1754 235 1806 riaque
267 1753 417 1801 forma,
450 1759 494 1793 ut
523 1753 614 1807 ipso
646 1758 816 1806 aspectu
846 1751 976 1792 cuivis
1008 1752 1189 1791 iniiceret
1219 1751 1453 1791 admiratio-

96 1830 189 1855 nem
216 1815 296 1863 sui,
329 1815 403 1855 sed
427 1815 469 1854 in
492 1814 632 1855 labore
657 1814 778 1854 nimis
803 1813 1000 1854 remissus
1026 1826 1254 1867 parumque
1277 1812 1451 1866 patiens,

96 1884 140 1917 ut
158 1876 453 1931 Theopompus
479 1876 699 1917 memoriae
724 1875 915 1930 prodidit,
942 1875 1075 1916 bonus
1103 1889 1200 1915 vero
1226 1874 1327 1915 civis
1353 1874 1453 1914 fide-

94 1953 174 1992 que
211 1954 373 1994 magna.
422 1939 535 1992 quod
571 1953 666 1979 cum
702 1938 744 1978 in
786 1938 876 1978 aliis
918 1936 1043 1978 rebus
1079 1936 1320 1985 declaravit,
1364 1942 1449 1975 tum

95 2000 273 2041 maxime
303 2001 345 2040 in
373 1999 585 2054 Amyntae
615 1999 860 2040 Macedonis
891 1998 1030 2039 liberis
1062 1998 1238 2038 tuendis.
1275 2011 1451 2049 namque

94 2061 323 2116 Eurydice,
355 2068 487 2102 mater
516 2061 740 2102 Perdiccae
772 2068 812 2102 et
834 2060 1036 2114 Philippi,
1068 2074 1163 2100 cum
1192 2059 1256 2099 his
1288 2058 1450 2099 duobus

94 2123 230 2177 pueris
246 2123 431 2178 Amynta
451 2129 612 2164 mortuo
633 2124 686 2163 ad
699 2123 948 2177 Iphicratem
969 2121 1157 2175 confugit
1175 2121 1345 2173 eiusque
1365 2119 1452 2173 opi-

94 2185 172 2226 bus
192 2185 363 2226 defensa
381 2191 456 2225 est.
493 2185 596 2226 vixit
620 2185 673 2226 ad
692 2191 945 2226 senectutem
963 2183 1133 2238 placatis
1153 2182 1195 2222 in
1215 2197 1258 2222 se
1284 2197 1450 2222 suorum
1478 2194 1494 2221 2}

95 2246 245 2286 civium
271 2247 429 2287 animis.
468 2261 658 2287 caussam
683 2246 828 2300 capitis
855 2246 983 2286 semel
1008 2244 1129 2293 dixit,
1162 2244 1270 2285 bello
1297 2242 1448 2290 sociali,

56 2344 67 2352 ,
97 2307 218 2347 simul
243 2321 336 2347 cum
361 2307 593 2356 Timotheo,
621 2321 750 2359 eoque
775 2307 926 2347 iudicio
953 2312 1016 2347 est
1040 2305 1267 2346 absolutus.
1304 2304 1450 2343 Mene·
1476 2317 1495 2344 4

97 2367 213 2409 sthca
236 2368 365 2407 filium
389 2368 552 2420 reliquit
576 2382 627 2408 ex
646 2368 829 2408 Thressa
853 2374 1008 2416 natum,
1037 2366 1132 2407 Coti
1157 2366 1266 2420 regis
1288 2365 1381 2404 filia.
1414 2364 1448 2403 is

96 2445 191 2471 cum
215 2429 551 2484 interrogaretur,
578 2435 715 2468 utrum
744 2429 872 2482 pluris
903 2434 1061 2482 patrem
1086 2434 1310 2467 matremne
1341 2427 1450 2464 face-

94 2498 167 2541 ret,
196 2491 445 2542 „lisatrcmf‘
473 2491 615 2544 inquit.
653 2491 695 2531 id
721 2506 814 2530 cum
840 2490 1030 2531 omnibus
1056 2490 1205 2529 mirum
1229 2489 1447 2533 videretur,

96 2553 213 2602 „At“
247 2553 314 2593 ille
347 2553 568 2603 „merito,“
606 2553 755 2606 inquit,
790 2552 941 2601 „fircioz
977 2566 1073 2591 nam
1103 2556 1218 2604 pater
1251 2555 1448 2602 quantum

93 2616 136 2656 in
167 2630 211 2657 se
243 2616 338 2663 suit,
377 2615 579 2656 Thracem
610 2630 676 2655 me
712 2614 870 2669 genuit,
909 2618 1050 2654 contra
1081 2627 1129 2653 ca
1159 2616 1289 2652 mater
1318 2610 1449 2650 Athe-

95 2678 318 2719 niensemf*

1476 654 1494 682 [ὗ

1477 1950 1495 1977 [ὗ
