1741 3184
479 223 525 257 T.
546 221 836 258 POMPONIUS
857 221 1072 259 ATTICUS
1404 214 1458 255 89

107 305 185 347 tes,
229 303 428 351 quantum
470 296 622 351 potuit,
667 297 787 346 texit,
832 297 982 350 quibus
1019 297 1142 338 rebus
1180 297 1456 353 indiguerunt,

105 360 274 400 adiuvit.
317 359 366 400 P.
392 373 490 399 vero
515 357 740 398 Volumnio
773 373 821 398 ea
846 359 998 408 tribuit,
1030 366 1075 399 ut
1099 359 1218 413 plura
1243 375 1267 400 a
1291 367 1459 414 parente
1484 374 1504 403 4

104 421 310 476 proficisci
333 435 414 461 non
439 419 657 474 potuerint.
700 419 780 473 ipsi
805 426 943 460 autem
967 420 1003 460 F
1006 421 1161 470 ulviae,
1195 435 1288 462 cum
1319 422 1458 463 litibus

105 483 379 524 destinaretur
413 481 658 537 magnisque
694 480 917 521 terroribus
953 488 1189 531 vexaretur,
1228 489 1340 523 tanta
1370 484 1460 523 dili-

104 544 243 599 gentia
267 543 450 584 officium
478 558 599 583 suum
623 542 843 597 praestitit,
871 548 916 582 ut
940 542 1099 582 nullum
1123 543 1194 583 illa
1219 544 1365 584 stiterit
1389 559 1461 584 va-

104 605 332 645 dimonium
358 604 445 645 sine
460 603 614 653 Attico,
643 618 817 659 sponsor
836 603 1020 644 omnium
1044 618 1181 645 rerum
1200 603 1334 645 fuerit.
1361 605 1460 658 quin

104 666 239 716 etiam,
266 681 361 707 cum
385 665 455 707 illa
478 665 656 706 fundum
688 665 869 706 secunda
898 665 1063 706 fortuna
1087 665 1256 707 emisset
1283 665 1325 706 in
1350 666 1460 707 diem

103 742 238 781 neque
262 733 358 783 post
383 727 658 769 calamitatem
683 741 895 768 versuram
920 726 1057 768 facere
1080 727 1295 782 potuisset,
1321 727 1388 768 ille
1415 743 1459 769 se

103 789 348 844 interposuit
377 789 677 844 pecuniamque
704 789 790 830 sine
821 789 962 830 fenore
988 789 1157 843 sineque
1182 789 1266 830 ulla
1291 789 1460 844 stipula-

104 851 214 892 tione
240 851 423 901 credidit,
449 852 676 892 maximum
702 851 942 892 existimans
968 857 1204 905 quaestum,
1235 866 1460 892 memorem

104 919 349 967 gratumque
381 913 575 968 cognosci
613 913 816 966 simulque
847 913 1023 967 aperire,
1062 927 1105 954 se
1135 928 1218 954 non
1254 913 1457 962 fortunae,

105 975 178 1015 sed
208 974 445 1016 hominibus
479 975 609 1016 solere
641 989 733 1015 esse
765 975 955 1015 amicum.
1000 989 1105 1028 quae
1136 989 1230 1015 cum
1267 974 1457 1024 faciebat,

103 1051 225 1078 nemo
250 1051 344 1077 eum
369 1037 564 1091 temporis
591 1051 740 1078 caussa
764 1036 900 1077 facere
925 1042 1085 1091 poterat
1110 1037 1356 1077 existimare.
1389 1051 1460 1077 ne-

103 1100 203 1139 mini
228 1100 335 1140 enim
368 1099 410 1139 in
434 1099 670 1153 opinionem
700 1099 911 1148 veniebat,
937 1098 1169 1139 Antonium
1193 1113 1330 1139 rerum
1354 1099 1460 1152 poti-

103 1168 251 1201 turum.
291 1161 364 1202 sed
383 1161 536 1201 sensim
561 1161 596 1201 is
617 1176 641 1201 a
659 1161 864 1202 nonnullis
885 1160 1165 1215 optimatibus,
1186 1159 1458 1201 familiaribus

103 1223 203 1272 eius,
229 1222 617 1277 reprehendebatur,
645 1223 755 1276 quod
781 1238 924 1277 parum
946 1222 1084 1263 odisse
1109 1222 1240 1264 malos
1267 1222 1377 1264 cives
1397 1223 1458 1263 vi-

102 1284 277 1325 deretur.
319 1285 386 1325 ille
418 1291 555 1325 autem
588 1285 651 1325 sui
682 1285 822 1325 iudicii
855 1284 991 1339 potius
1018 1285 1117 1338 qnid
1149 1299 1193 1325 se
1218 1284 1353 1325 facere
1383 1299 1459 1339 par

102 1352 212 1386 esset
235 1346 483 1396 intuebatur,
510 1361 635 1400 quam
659 1347 759 1400 quid
784 1346 852 1387 alii
876 1346 1082 1387 laudaturi
1106 1346 1252 1387 forent.

170 1407 229 1447 X.
270 1406 484 1449 Conversa
510 1408 646 1449 subito
673 1408 838 1449 fortuna
863 1414 937 1449 est.
974 1414 1020 1448 ut
1043 1407 1251 1450 Antonius
1276 1408 1396 1449 rediit
1415 1408 1456 1448 in

100 1469 283 1519 Italiam,
320 1485 442 1511 nemo
478 1485 561 1511 non
597 1485 748 1525 magno
785 1471 826 1510 in
862 1469 1044 1525 periculo
1069 1469 1256 1510 Atticum
1292 1476 1456 1524 putarat

98 1537 266 1586 propter
289 1532 476 1572 intimam
501 1532 819 1573 familiaritatem
847 1531 1059 1573 Ciceronis
1086 1539 1125 1573 et
1149 1531 1281 1572 Bruti.
1318 1532 1455 1585 itaque

100 1593 153 1633 ad
171 1593 396 1634 adventum
415 1594 706 1648 imperatorum
732 1595 783 1635 de
808 1594 898 1635 foro
923 1594 1168 1643 decesserat,
1196 1594 1343 1635 timens
1361 1608 1456 1648 pro-

101 1656 377 1710 scriptionem,
403 1657 639 1710 latebatque
659 1658 769 1712 apud
783 1657 831 1698 P.
847 1657 1129 1707 Volumnium,
1157 1657 1234 1706 cui,
1261 1664 1306 1697 ut
1319 1664 1457 1698 osten-

99 1718 254 1768 dimus,
286 1719 409 1773 paulo
440 1726 533 1760 ante
565 1734 686 1774 opem
718 1720 864 1760 tulerat
890 1719 1022 1773 (tanta
1050 1719 1226 1760 varietas
1257 1719 1321 1759 his
1353 1725 1456 1759 tem-

97 1779 268 1834 poribus
305 1780 382 1821 fuit
418 1780 618 1830 fortunae,
658 1787 702 1822 ut
732 1782 854 1822 modo
885 1781 945 1830 hi,
978 1781 1101 1822 modo
1131 1780 1190 1821 illi
1218 1780 1261 1821 in
1293 1795 1454 1821 summo

99 1847 238 1881 essent
257 1848 327 1882 aut
345 1841 512 1897 fastigio
528 1849 597 1882 aut
615 1842 830 1897 periculo),
857 1842 1117 1896 habebatque
1133 1857 1273 1883 secum
1288 1841 1340 1895 Q.
1355 1840 1455 1883 Gel-

98 1902 200 1943 lium
228 1902 409 1953 Canum,
448 1904 661 1957 aequalem
694 1904 1030 1958 simillimumque
1062 1904 1138 1945 sui.
1181 1904 1260 1945 hoc
1290 1919 1453 1958 quoque

100 1965 152 2005 sit
176 1964 306 2006 Attici
336 1965 531 2007 bonitatis
564 1967 818 2021 exemplum,
846 1967 955 2020 quod
981 1982 1075 2008 cum
1101 1981 1167 2016 eo,
1200 1981 1324 2020 quem
1353 1981 1454 2021 puc-

97 2041 188 2067 rum
213 2027 255 2067 in
284 2027 381 2069 ludo
407 2034 622 2084 cognorat,
655 2029 757 2070 adeo
783 2029 998 2070 coniuncte
1023 2028 1143 2078 vixit,
1176 2035 1221 2068 ut
1245 2028 1296 2069 ad
1322 2034 1455 2069 extre-

97 2087 207 2129 mam
239 2096 413 2130 aetatem
444 2090 624 2131 amicitia
654 2106 796 2131 eorum
834 2091 1018 2131 creverit.
1068 2089 1278 2131 Antonius
1315 2096 1453 2131 autem

97 2150 174 2190 etsi
199 2156 312 2192 tanto
338 2152 431 2193 odio
462 2151 670 2193 ferebatur
700 2153 743 2193 in
770 2152 1032 2201 Ciceronem,
1065 2158 1110 2193 ut
1133 2167 1217 2193 non
1243 2151 1376 2193 solum
1402 2153 1450 2201 ci,

99 2211 171 2252 sed
196 2212 318 2253 etiam
345 2213 537 2255 omnibus
563 2214 650 2254 eius
677 2215 818 2255 amicis
845 2221 956 2255 esset
979 2214 1169 2255 inimicus
1190 2228 1343 2268 eosque
1367 2214 1453 2254 vel-

96 2272 152 2313 let
181 2275 454 2327 proscribere,
492 2276 631 2316 multis
663 2276 920 2318 hortantibus
959 2282 1097 2317 tamen
1127 2276 1258 2317 Attici
1294 2290 1451 2316 memor

96 2334 175 2374 suit
200 2335 325 2375 officii
351 2343 389 2376 et
414 2337 462 2385 ei,
490 2351 583 2377 cum
602 2338 856 2390 requisisset,
882 2338 1051 2379 ubinam
1077 2345 1198 2387 esset,
1227 2352 1301 2378 sua
1325 2353 1450 2378 manu

97 2396 278 2450 scripsit,
316 2412 366 2438 ne
398 2398 557 2438 timeret
589 2399 808 2452 statimque
839 2400 890 2440 ad
922 2414 966 2440 se
996 2400 1172 2449 veniret3
1211 2414 1254 2440 se
1285 2414 1379 2440 eum
1410 2405 1451 2439 et

96 2457 204 2499 illius
237 2473 385 2500 caussa
412 2459 575 2500 Canum
607 2461 657 2501 de
688 2461 1007 2515 proscriptorum
1034 2476 1204 2502 numero
1230 2461 1446 2502 exemisse.

95 2534 143 2559 ac
168 2535 219 2561 ne
244 2522 355 2574 quod
379 2522 607 2576 periculum
633 2523 846 2572 incideret,
879 2523 989 2575 quod
1020 2529 1143 2564 noctu
1168 2523 1304 2572 fiebat,
1330 2537 1448 2577 prac-

96 2581 245 2623 sidium
272 2583 309 2623 ci
334 2584 456 2624 misit.
502 2585 561 2625 sic
586 2584 751 2625 Atticus
778 2585 1006 2635 insummo
1038 2585 1181 2624 timore
1206 2599 1287 2625 non
1314 2584 1446 2624 solum

96 2643 192 2694 sibi,
226 2646 298 2686 scd
330 2646 451 2686 ctiam
484 2647 543 2696 ci,
572 2661 696 2700 quem
722 2647 981 2688 carissimum
1011 2646 1208 2695 habebat,
1239 2645 1447 2700 praesidio

94 2706 182 2747 fuit.
227 2722 360 2761 neque
387 2708 493 2749 enim
529 2724 626 2750 suae
653 2709 786 2750 solum
813 2724 836 2750 a
861 2723 1068 2763 quoquam
1101 2708 1301 2749 auxilium
1332 2708 1445 2763 petiit

1486 621 1504 649 5

1485 990 1503 1019 6

1485 1175 1502 1203 7

1481 1545 1499 1573 ΚΟ

1479 2102 1497 2130 4

1475 2597 1493 2626 5
