1788 3200
308 209 362 249 46
747 210 991 246 CORNELII
1011 211 1221 247 NEPOTIS

309 306 419 331 mam
455 288 643 328 militum.
692 285 843 340 quibus
880 285 1010 328 frctus
1042 287 1225 328 conflixit.
1254 287 1662 342 adversariorumque

309 352 438 391 multa
462 350 574 390 milia
600 349 794 398 concidit,
822 363 915 389 eum
941 349 992 390 de
1017 349 1147 404 ipsius
1173 349 1356 390 exercitu
1379 365 1461 391 non
1486 351 1662 405 amplius

307 413 520 453 hominum
544 411 654 452 mille
685 411 913 452 cecidisset.
958 426 1081 464 quam
1107 411 1159 452 ob
1186 426 1377 452 caussam
1406 421 1572 467 postero
1598 413 1663 454 die

261 486 281 514 4
308 480 520 529 tropaeum
538 473 687 528 posuit,
715 487 797 526 quo
822 472 911 513 1000
926 473 1062 527 pridie
1081 481 1311 528 pugnatum
1331 481 1427 515 crat.
1454 475 1549 515 hinc
1569 489 1662 516 cum

309 543 443 578 eastra
467 535 666 577 movisset
691 549 934 589 semperque
958 535 1126 576 inferior
1150 536 1297 590 copiis,
1326 537 1511 591 superior
1534 537 1663 578 omni-

306 599 384 640 bus
404 598 569 653 proeliis
590 597 830 645 discederet,
858 597 970 649 quod
989 611 1214 649 numquam
1234 613 1402 638 manum
1417 605 1661 647 consereret,

306 660 385 701 nisi
415 675 509 701 cum
541 658 798 699 adversarios
830 658 1013 698 locorum
1046 659 1248 712 angustiis
1280 659 1515 710 clausisset,
1553 660 1662 714 quod

262 739 280 767 5
307 722 436 776 perito
462 720 677 775 regionum
697 719 925 771 callideque
945 719 1143 774 cogitanti
1168 734 1291 774 saepe
1317 720 1547 762 accidebat:
1573 721 1663 762 Au-

305 783 582 838 tophradateS,
604 796 697 822 cum
710 780 862 821 bellum
878 780 974 820 duci
993 781 1146 821 maiore
1165 782 1275 836 regis
1296 782 1526 823 calamitate
1539 797 1662 836 quam

305 844 635 886 adversariorum
660 843 830 891 videret,
860 840 951 897 [ad]
978 857 1123 896 pacem
1149 843 1452 897 amicitiamque
1478 844 1662 885 hortatus

261 924 278 950 (5
306 914 385 957 est,
418 914 463 947 ut
488 921 583 947 eum
607 920 705 961 rege
730 905 773 945 in
797 905 971 959 gratiam
996 905 1157 945 rediret.
1195 919 1320 958 quam
1344 905 1412 946 illc
1437 906 1514 947 etsi
1538 906 1663 947 fidam

304 984 387 1010 non
411 969 498 1010 sore
523 967 707 1023 putabat,
734 973 872 1007 tamen
891 967 1167 1007 conditionem
1189 967 1347 1021 accepit
1373 983 1498 1020 seque
1518 969 1571 1008 ad
1583 968 1664 1009 Ar-

305 1037 517 1071 taxerxem
547 1030 705 1085 legatos
738 1029 961 1069 missurum
993 1029 1108 1068 dixit.
1154 1029 1213 1069 sie
1244 1029 1415 1079 bellum,
1450 1030 1561 1082 quod
1592 1045 1663 1071 rex

305 1093 503 1133 adversus
517 1092 726 1132 Datamen
747 1097 995 1145 susceperat,
1024 1091 1211 1131 sedatum
1226 1098 1299 1131 est.
1326 1091 1663 1146 Autophradates

304 1155 346 1195 in
370 1154 596 1209 Phrygiam
625 1168 668 1194 se
693 1153 858 1207 recepit.

263 1233 278 1261 1
373 1216 456 1257 IX.
494 1215 554 1257 At
578 1230 663 1264 rex,
691 1216 802 1268 quod
826 1214 1085 1269 implacabile
1112 1215 1251 1256 odium
1276 1215 1317 1255 in
1337 1215 1547 1256 Datamen
1574 1231 1663 1256 sus-

305 1286 486 1333 ceperat,
518 1284 739 1332 postquam
764 1276 872 1317 bello
898 1291 992 1317 eum
1018 1277 1193 1331 opprimi
1220 1292 1300 1317 non
1332 1292 1455 1331 posse
1481 1278 1664 1317 animad-

303 1341 437 1389 vertit,
457 1339 616 1380 insidiis
631 1339 858 1379 interficere
873 1339 1048 1388 studuit,
1075 1354 1178 1392 quas
1193 1339 1259 1379 ille
1273 1339 1492 1392 plerasque
1506 1340 1661 1379 vitavit.

307 1403 412 1442 sieut
437 1416 532 1442 cum
557 1400 594 1441 ei
618 1400 851 1440 nuntiatum
877 1407 998 1449 esset,
1025 1401 1230 1454 quosdam
1256 1400 1334 1441 sibi
1358 1400 1561 1449 insidiari,
1594 1401 1662 1454 qui

303 1464 347 1504 in
371 1463 596 1504 amicorum
621 1468 736 1502 erant
759 1476 943 1511 numero,
970 1462 1021 1502 de
1046 1462 1210 1515 quibus,
1237 1462 1348 1515 quod
1373 1462 1527 1502 inimici
1547 1463 1663 1502 detu-

304 1525 453 1574 lerunt,
479 1539 613 1578 neque
639 1524 888 1564 credendum
914 1538 1047 1578 neque
1073 1524 1368 1579 negligendum
1394 1524 1565 1578 putavit,
1594 1539 1664 1564 cx-

260 1604 278 1632 3
304 1588 427 1643 periri
457 1588 604 1637 voluit,
637 1602 781 1628 verum
813 1586 1018 1627 falsumne
1051 1586 1130 1628 sibi
1154 1592 1265 1627 esset
1294 1586 1480 1626 relatum.
1524 1585 1662 1639 itaque.

305 1665 353 1691 eo
379 1649 589 1704 profectus
616 1655 696 1698 est,
728 1649 771 1689 in
796 1663 877 1702 quo
903 1649 1047 1690 itinere
1078 1648 1239 1689 futuras
1265 1648 1434 1688 insidias
1461 1647 1660 1688 dixerant.

305 1712 378 1753 sed
403 1711 528 1766 elegit
559 1726 729 1765 corpore
761 1725 809 1751 ac
835 1717 990 1751 statura
1017 1711 1270 1751 simillimum
1303 1710 1366 1751 sui
1396 1710 1515 1763 eique
1540 1709 1664 1750 vesti-

304 1781 391 1814 tum
418 1789 538 1814 suum
569 1774 681 1814 dedit
711 1780 833 1825 atque
865 1787 913 1813 eo
938 1772 1028 1813 loeo
1053 1773 1131 1822 ire,
1158 1788 1239 1825 quo
1264 1773 1353 1827 ipse
1379 1778 1661 1821 consueverat,

303 1835 436 1876 iussit.
473 1835 561 1889 ipse
588 1841 724 1875 autem
744 1840 894 1874 ornatu.
910 1835 1142 1887 vestituque
1163 1835 1325 1874 militari
1352 1835 1456 1874 inter
1481 1834 1661 1888 eorporis

259 1913 278 1940 4
305 1897 496 1944 custodes
527 1897 604 1937 iter
634 1897 769 1937 faeere
801 1896 947 1950 eoepit.
992 1903 1033 1936 at
1063 1897 1341 1945 insidiatores,
1374 1903 1596 1950 postquam
1620 1896 1661 1936 in

304 1975 399 2000 eum
430 1959 567 2000 locum
599 1974 750 2014 agmen
773 1959 978 2013 pervenit,
1011 1959 1171 2013 decepti
1198 1959 1338 1999 ordine
1364 1966 1486 2011 atque
1511 1959 1662 2000 vestitu

302 2022 502 2075 impetum
527 2021 569 2061 in
590 2036 684 2062 cum
709 2021 878 2070 faciunt,
906 2020 976 2074 qui
1002 2021 1240 2075 suppositus
1267 2027 1365 2061 erat.
1402 2021 1662 2075 praedixerat

303 2090 440 2123 autem
472 2083 521 2124 iis
553 2082 776 2132 Datames,
815 2097 909 2123 eum
940 2082 1090 2135 quibus
1121 2082 1198 2122 iter
1221 2081 1419 2131 faciebat,
1456 2088 1502 2122 ut
1531 2082 1662 2136 parati

259 2160 277 2188 5
304 2152 441 2185 csscnt
460 2145 609 2194 facere,
635 2145 747 2198 quod
771 2145 908 2199 ipsum
928 2144 1140 2185 vidissent.
1180 2144 1281 2198 ipse,
1308 2151 1351 2183 ut
1373 2150 1661 2184 concurrentes

303 2207 565 2248 insidiatores
597 2206 903 2255 animadvertit,
937 2206 1018 2247 tela
1049 2206 1091 2246 in
1117 2220 1187 2246 0οε
1214 2205 1400 2246 coniecit.
1443 2205 1522 2246 hoc
1552 2205 1661 2246 idem

303 2284 395 2309 cum
436 2269 618 2309 universi
655 2269 863 2317 fecissent,
900 2268 1142 2323 priusquam
1178 2267 1440 2321 pervenirent
1471 2268 1523 2307 ad
1554 2281 1661 2316 eum,

303 2345 427 2383 quem
453 2330 623 2384 aggredi
649 2330 854 2376 volebant,
882 2329 1033 2370 confixi
1059 2329 1337 2370 conciderunt.

261 2407 274 2435 1
369 2392 429 2433 X.
467 2392 551 2433 Hic
571 2399 708 2433 tamen
729 2398 811 2432 tam
831 2391 1003 2432 callidus
1029 2391 1091 2431 vir
1110 2397 1292 2431 extremo
1313 2397 1496 2445 tempore
1518 2396 1661 2444 captus

303 2461 365 2495 est
377 2454 643 2503 Mithridatis,
670 2453 966 2494 Ariobarzanis
991 2453 1075 2502 filii,
1103 2453 1209 2493 dolo.
1248 2467 1426 2505 namque
1446 2452 1480 2493 is
1506 2452 1663 2506 pollici-

303 2523 368 2556 tus
395 2523 458 2556 est
481 2516 588 2570 regi,
623 2531 666 2556 se
693 2531 786 2556 eum
812 2515 1141 2563 interfecturum,
1175 2515 1209 2555 si
1235 2514 1272 2554 ei
1296 2529 1369 2554 rex
1394 2514 1657 2568 permitteret,

302 2585 359 2627 ut,
385 2578 675 2631 quodcumque
700 2577 835 2626 vellet,
861 2577 1002 2617 liceret
1026 2577 1193 2630 impunc
1219 2576 1354 2616 facere
1379 2576 1584 2628 fidemque
1610 2575 1660 2614 de

259 2654 277 2682 2
304 2654 351 2679 ea
375 2655 417 2680 re
444 2656 555 2681 more
582 2640 803 2681 Persarum
828 2640 997 2680 dextera
1022 2639 1217 2679 dedisset.
1255 2638 1360 2678 hane
1386 2643 1429 2678 ut
1454 2636 1611 2689 accepit
1636 2651 1660 2675 a

303 2715 400 2755 rege
425 2703 615 2751 missam,
648 2702 787 2756 copias
818 2708 935 2756 parat
961 2709 1000 2742 ct
1025 2701 1175 2742 absens
1207 2701 1428 2742 amicitiam
1454 2714 1547 2740 cuin
1571 2698 1660 2739 Da-
1685 2741 1687 2743 ,

260 1418 278 1445 {C
