1788 3200
301 205 326 245 6
730 205 973 240 CORNELII
996 205 1215 241 NEPOTIS

257 303 276 332 5
300 302 374 328 nas
399 299 549 339 magna
574 297 667 323 cum
692 281 919 323 offensione
944 281 1095 323 civium
1127 296 1294 323 suorum
1323 281 1485 323 rediret.
1530 295 1650 322 accu-

300 359 412 390 satus
444 360 541 401 ergo
573 354 636 386 est
664 344 924 400 proditionis,
957 345 1081 397 quod,
1113 358 1208 385 cum
1231 344 1386 385 Parum
1412 358 1649 398 expugnare

297 416 458 464 posset,
496 423 521 449 a
549 421 647 462 rege
679 413 893 461 corruptus
925 406 1088 447 infectis
1119 405 1242 447 rebus
1273 405 1546 447 discessisset.
1601 419 1649 446 eo

298 479 480 525 tempore
499 484 622 525 aeger
641 476 726 509 erat
740 468 990 518 vulneribus,
1016 482 1122 521 quae
1139 468 1182 508 in
1202 468 1478 523 oppugnando
1498 467 1649 521 oppido

298 540 522 587 acceperat.
566 533 702 585 itaque
729 531 923 584 quoniam
942 531 1032 585 ipse
1056 545 1131 585 pro
1156 544 1201 571 se
1227 530 1362 571 dicere
1387 544 1469 570 non
1492 535 1647 584 posset,

253 609 272 638 6
297 594 424 636 verba
448 594 546 635 fecit
570 593 695 634 frater
720 593 807 633 eius
837 591 1097 646 Stesagoras.
1141 606 1290 632 caussa
1314 591 1480 646 cognita
1504 590 1648 644 eapitis

298 655 511 697 absolutus
548 655 724 709 pecunia
759 654 955 694 multatus
987 660 1066 702 est,
1105 667 1234 706 eaque
1270 653 1321 694 113
1352 652 1651 707 quinquaginta

297 718 458 758 talentis
485 716 700 757 aestimata
724 723 804 764 est,
831 723 1008 768 quantus
1033 715 1075 755 in
1100 714 1274 755 classem
1302 721 1489 768 sumptus
1514 714 1648 755 factus

297 786 394 818 erat.
443 778 550 818 hanc
578 776 796 831 pecuniam
821 776 932 829 quod
963 776 1121 816 solvere
1146 775 1188 815 in
1211 776 1443 829 praesentia
1465 790 1549 816 non
1578 789 1651 829 po-

296 845 417 887 terat,
456 838 499 878 in
535 837 671 877 vinela
706 836 872 890 publica
908 836 1118 876 coniectus
1151 843 1214 877 est
1242 835 1381 889 ibique
1412 836 1520 876 diem
1551 836 1651 877 obiit

298 914 548 954 supremum.

254 975 267 1003 1
366 960 488 1002 VIII.
525 960 610 1000 Hie
635 959 711 1000 etsi
736 959 905 1000 erimine
923 959 1047 1000 Pario
1073 965 1135 1000 est
1160 965 1390 1008 accusatus,
1418 964 1555 999 tamen
1573 957 1653 998 alia

297 1037 446 1063 caussa
481 1021 560 1062 suit
602 1021 888 1062 damnationis.
949 1035 1128 1074 namque
1163 1019 1444 1061 Athenienses
1486 1026 1653 1074 propter

296 1083 502 1124 Pisistrati
527 1083 799 1137 tyrannidem,
826 1097 931 1136 quae
956 1083 1098 1137 paucis
1124 1082 1242 1123 annis
1268 1089 1362 1123 ante
1386 1081 1538 1130 fuerat,
1565 1096 1653 1122 om-

296 1145 410 1186 nium
441 1144 593 1186 civium
618 1159 786 1186 suorum
809 1144 1035 1198 potentiam
1065 1143 1400 1185 extimescebant.
1438 1142 1650 1183 Miltiades

296 1206 471 1247 multum
507 1206 549 1246 in
584 1206 765 1260 imperiis
802 1206 1047 1260 magnisque
1088 1211 1276 1247 versatus
1312 1219 1397 1245 non
1437 1204 1654 1245 videbatur

296 1282 419 1322 posse
444 1282 536 1309 esse
560 1267 744 1322 privatus
753 1298 764 1317 ,
790 1267 1031 1322 praesertim
1057 1281 1152 1308 cum
1177 1266 1473 1308 consuetudine
1499 1265 1551 1306 ad
1574 1265 1651 1305 im-

255 1344 272 1373 3
297 1329 400 1384 perii
435 1329 702 1383 cupiditatem
737 1329 844 1370 trahi
873 1329 1092 1369 videretur.
1141 1344 1236 1369 nam
1276 1326 1355 1382 [in]
1391 1326 1652 1368 Chersoneso

297 1406 440 1432 omnes
476 1391 567 1432 illos
598 1405 702 1444 quos
737 1390 942 1431 habitarat
978 1405 1107 1431 annos
1144 1398 1385 1444 perpetuam
1422 1387 1654 1429 obtinuerat

297 1452 619 1494 dominationem
649 1460 932 1506 tyrannusque
962 1451 1095 1492 fuerat
1125 1451 1374 1505 appellatus,
1408 1450 1481 1490 sed
1505 1449 1651 1489 iustus.

296 1529 379 1555 non
404 1520 491 1555 erat
515 1514 625 1555 0111111
649 1515 690 1554 vi
715 1520 974 1562 consecutus,
1002 1513 1076 1553 sed
1101 1527 1271 1554 suorum
1295 1511 1517 1560 voluntate,
1545 1525 1655 1551 eam-

296 1592 376 1630 que
400 1583 646 1631 potestatem
671 1576 854 1617 bonitate
877 1574 1091 1616 retinebat.
1129 1589 1272 1616 omnes
1298 1580 1435 1615 autem
1455 1579 1494 1614 et
1513 1573 1655 1613 dieun-

298 1647 363 1679 tur
387 1646 428 1679 et
445 1638 648 1679 habentur
673 1638 852 1692 tyranni,
886 1637 957 1691 qui
981 1642 1183 1692 potestate
1205 1642 1299 1677 sunt
1323 1641 1520 1690 perpetua
1537 1635 1581 1675 in
1605 1648 1654 1674 ea

253 1715 272 1742 4
298 1701 480 1749 civitate,
508 1714 613 1752 quae
643 1699 830 1740 libertate
856 1714 933 1739 usa
957 1706 1031 1739 031.
1071 1698 1144 1739 sed
1168 1698 1211 1738 in
1234 1697 1423 1738 Miltiade
1449 1702 1536 1737 erat
1560 1710 1654 1737 011111

299 1777 461 1802 summa
490 1761 743 1809 humanitas,
782 1767 868 1800 tum
900 1760 1002 1800 mira
1032 1760 1323 1807 communitas,
1356 1764 1400 1799 ut
1425 1773 1546 1799 nemo
1570 1763 1654 1798 tam

299 1822 463 1863 humilis
501 1829 627 1871 esset,
671 1822 738 1863 0111
773 1837 854 1862 11011
895 1821 947 1861 ad
984 1836 1078 1861 eum
1115 1821 1249 1861 aditus
1286 1826 1460 1874 pateret,
1503 1834 1656 1873 magna

299 1884 518 1926 auctoritas
549 1884 660 1938 apud
690 1898 833 1925 omncs
865 1883 1070 1932 civitates,
1107 1882 1244 1923 nobile
1275 1896 1437 1930 nomen,
1474 1881 1564 1921 laus
1596 1880 1655 1920 rei

299 1946 485 1987 militaris
516 1946 714 1990 maxima.
762 1945 865 1985 haee
905 1944 1083 1999 populus
1120 1943 1343 1998 respiciens
1380 1942 1524 1984 maluit
1560 1956 1654 1983 eum

299 2008 511 2048 innoxium
535 2007 657 2062 plecti
682 2022 807 2060 quam
833 2021 877 2047 se
902 2005 1055 2046 diutius
1081 2020 1172 2046 csse
1198 2005 1240 2045 in
1265 2006 1421 2046 timore.

252 1160 270 1188 ΚΦ

639 2153 695 2193 11.
745 2151 1309 2193 THEMISTOCLES.

259 2270 272 2298 1
367 2255 402 2296 I.
441 2254 754 2303 Themistocles,
780 2254 923 2295 Neocli
948 2253 1069 2303 filius,
1090 2252 1372 2294 Atheniensis.
1410 2251 1532 2292 huius
1559 2251 1658 2291 vitia

301 2316 480 2357 ineuntis
512 2316 813 2357 adolescentiae
844 2315 1006 2370 magnis
1044 2321 1139 2356 sunt
1169 2315 1386 2355 emendata
1420 2312 1656 2360 virtutibus,

302 2379 405 2420 adeo
431 2385 475 2419 ut
499 2378 750 2419 anteferatur
774 2378 869 2419 huie
890 2392 1025 2426 nem0,
1046 2377 1168 2431 pauci
1191 2391 1312 2431 pares
1336 2381 1543 2430 putentur.
1583 2374 1657 2414 scd

258 2455 276 2482 2
303 2440 354 2482 ab
380 2440 493 2481 initio
513 2447 575 2482 cst
595 2441 851 2481 ordiendum.
888 2446 1004 2494 pater
1023 2439 1110 2479 eius
1125 2438 1299 2480 Neocles
1319 2451 1545 2493 generosus
1567 2436 1656 2476 fuit.

302 2503 336 2544 is
362 2518 531 2544 uxorem
546 2502 810 2543 Acarnanam
836 2502 969 2542 civem
993 2501 1122 2550 duxit,
1150 2516 1201 2542 ex
1226 2515 1308 2555 qua
1332 2507 1452 2541 natus
1472 2505 1533 2540 est
1547 2497 1658 2538 The-

303 2565 521 2606 mistocles.
559 2565 629 2618 qui
649 2580 742 2605 eum
768 2565 904 2605 minus
925 2569 1035 2605 esset
1053 2562 1249 2618 probatus
1269 2561 1521 2617 parentibus,
1547 2559 1657 2612 quod

304 2635 340 2667 et
368 2627 534 2668 liberius
567 2627 732 2668 vivebat
757 2634 796 2667 ct
825 2642 911 2668 rem
943 2625 1187 2667 familiarem
1213 2623 1466 2679 negligebat,
1494 2637 1517 2662 a
1541 2628 1655 2675 patre
1713 2668 1715 2670 q

261 2702 279 2731 3
306 2689 576 2730 exheredatus
614 2696 687 2730 est.
736 2704 841 2742 quae
879 2687 1125 2729 contumelia,
1155 2702 1236 2728 11011
1273 2686 1395 2740 fregit
1432 2699 1544 2733 cum,
1583 2684 1656 2724 scd
