1741 3184
626 211 934 248 TIMOTHEUS.
1401 202 1447 243 41

106 294 213 329 crate
234 288 418 329 desertus
439 292 558 327 esset.
585 286 762 340 populns
782 301 887 335 acer,
910 286 1103 341 suspicax
1117 285 1168 327 ob
1184 299 1356 339 eamque
1371 300 1455 326 rein
1482 300 1501 329 5

105 350 280 398 mobilis,
290 348 561 397 adversarius,
572 347 735 388 invidus
745 347 886 399 (etiam
899 348 1104 401 potentiae
1119 348 1160 388 in
1175 348 1326 388 crimen
1336 362 1458 388 voca-

105 411 270 464 bantur)
289 410 455 450 domum
469 416 652 458 revocat3
679 416 925 449 accusantur
937 409 1191 462 proditionis.
1217 410 1295 450 hoc
1308 409 1458 450 iudicio

106 471 585 519 damnaturTimotheus,
600 470 732 523 lisque
747 470 833 510 eius
849 470 1089 510 aestimatur
1103 478 1266 512 centum
1280 471 1456 512 talentis.

105 534 171 573 ille
197 533 290 573 odio
314 532 499 587 ingratae
524 532 701 573 civitatis
728 538 895 572 coactus
912 530 1155 572 Chalcidem
1180 547 1224 573 se
1249 533 1432 573 contulit.

170 593 246 635 IV.
284 594 424 635 Huius
449 600 543 648 post
567 602 741 635 mortem
767 608 860 634 cum
884 592 1083 648 populum
1107 593 1248 634 iudicii
1273 595 1337 635 sui
1360 609 1458 649 poe-

105 656 268 704 niteret,
305 655 458 696 multae
494 671 643 696 novem
678 661 815 710 partes
847 655 1022 695 detraxit
1058 661 1099 696 et
1128 655 1271 696 decem
1306 656 1459 697 talenta

107 717 333 766 Cononem,
362 717 490 758 filium
515 718 621 767 eius,
653 717 705 758 ad
731 716 836 757 muri
861 717 1067 770 quandam
1092 724 1250 771 partem
1274 717 1460 758 reficien-

106 779 201 819 dam
226 779 346 820 iussit
365 779 474 820 dare.
512 779 554 820 in
574 794 655 833 quo
675 779 863 819 fortunae
884 779 1058 819 varietas
1079 786 1142 820 est
1160 779 1457 821 animadversa.

106 856 201 881 nam
225 855 329 894 quos
361 857 462 882 avus
490 841 637 883 Conon
667 856 806 882 muros
837 856 887 881 ex
912 841 1092 882 hostium
1121 842 1274 896 praeda
1303 842 1458 896 patriae

106 902 350 953 restituerat,
378 904 545 944 eosdem
570 918 698 958 nepos
725 917 818 944 cum
844 918 1006 944 summa
1030 903 1256 958 ignominia
1280 904 1459 945 familiae

107 978 158 1004 ex
189 979 263 1005 sua
292 979 335 1005 re
361 964 551 1005 familiari
581 965 746 1005 reficere
772 972 938 1005 coactus
965 971 1038 1005 est.
1082 964 1291 1005 Timothei
1322 972 1458 1006 autem

106 1026 340 1066 moderatae
365 1026 643 1080 sapientisque
669 1027 776 1066 vitae
802 1041 896 1066 cum
920 1026 1115 1080 pleraque
1140 1027 1347 1080 possimus
1366 1041 1460 1081 pro-

106 1087 211 1127 ferre
237 1087 488 1136 testimonia,
526 1102 608 1128 uno
633 1087 785 1128 erimus
812 1088 1009 1137 contenti,
1048 1088 1159 1141 quod
1184 1102 1235 1128 ex
1260 1102 1308 1129 eo
1338 1088 1459 1128 facile

108 1148 251 1189 coniici
275 1148 434 1202 poterit,
461 1163 586 1202 quam
611 1163 729 1189 carus
756 1149 841 1190 suis
866 1149 1001 1190 fuerit.
1040 1163 1133 1189 cum
1157 1148 1336 1190 Athenis
1362 1150 1460 1190 ado-

107 1209 357 1250 lescentulus
390 1225 581 1251 caussam
613 1211 782 1260 diceret,
815 1225 898 1251 non
923 1210 1057 1252 solum
1081 1211 1203 1252 amici
1226 1212 1458 1266 privatique

105 1272 290 1326 hospites
315 1273 369 1313 ad
393 1287 488 1313 eum
513 1273 818 1314 defendendum
843 1280 1139 1324 convenerunt,
1173 1275 1246 1316 sed
1271 1275 1393 1315 etiam
1418 1275 1461 1315 in

107 1333 165 1374 eis
190 1333 328 1383 Iason,
355 1341 552 1388 tyrannus
580 1335 841 1384 Thessaliae,
874 1336 945 1389 qui
968 1336 1038 1376 illo
1064 1342 1246 1391 tempore
1271 1337 1349 1377 fuit
1373 1351 1460 1377 om-

107 1396 220 1436 nium
244 1397 568 1450 potentissimus.
606 1397 672 1438 hic
697 1412 791 1438 cum
815 1397 857 1437 in
880 1398 1013 1452 patria
1038 1398 1126 1439 sine
1152 1398 1394 1440 satellitibus
1415 1414 1458 1439 sc

108 1466 241 1498 tutum
266 1473 350 1499 non
374 1458 649 1509 arbitraretur,
675 1459 864 1500 Athenas
897 1460 984 1500 sine
1009 1460 1093 1501 ullo
1116 1461 1323 1515 praesidio
1348 1461 1460 1501 venit

109 1519 291 1573 tantique
305 1519 510 1574 hospitem
523 1521 633 1571 fecit,
655 1529 699 1561 ut
718 1521 857 1562 mallet
872 1536 916 1562 se
936 1522 1081 1576 capitis
1101 1522 1329 1576 periculum
1349 1523 1459 1563 adire

107 1596 231 1634 quam
252 1582 470 1623 Timotheo
495 1583 546 1624 de
570 1583 683 1624 fama
701 1583 912 1625 dimicanti
931 1584 1088 1625 deesse.
1127 1584 1235 1625 hunc
1262 1585 1460 1626 adversus

109 1653 245 1683 tamen
271 1643 514 1685 Timotheus
544 1651 689 1700 postea
718 1646 859 1700 populi
883 1646 1000 1687 iussu
1024 1645 1179 1687 bellum
1209 1647 1357 1702 gessit,
1389 1661 1461 1701 pa-

108 1705 208 1745 triae
240 1706 444 1747 sanctiora
473 1707 562 1747 iura
591 1721 716 1760 quam
752 1707 920 1762 hospitii
956 1723 1048 1749 esse
1079 1709 1208 1749 duxit.
1257 1709 1360 1749 haec
1391 1724 1461 1749 ex-

109 1774 238 1807 trema
266 1767 344 1807 fuit
381 1774 494 1808 aetas
530 1768 822 1823 imperatorum
852 1769 1190 1820 Atheniensium,
1227 1770 1460 1824 Iphicratis,

110 1828 328 1878 Chabriae,
356 1829 576 1879 Timothei,
602 1845 735 1884 neque
760 1838 854 1886 post
878 1832 1040 1872 illorum
1060 1831 1218 1873 obitum
1242 1832 1461 1886 quisquam

108 1889 193 1930 dux
216 1890 258 1930 in
283 1890 353 1931 illa
377 1891 477 1932 urbe
503 1892 580 1932 fuit
605 1893 756 1948 dignus
781 1894 990 1934 memoria.

176 1951 228 1992 V.
266 1951 400 1993 Venio
425 1968 535 1994 nunc
559 1955 613 1994 ad
635 1954 907 1996 fortissimum
932 1956 1065 1996 virum
1090 1955 1339 2009 maximique
1365 1970 1462 1995 con-

109 2013 187 2054 silii
217 2014 401 2054 omnium
432 2014 700 2056 barbarorum
736 2017 919 2072 exceptis
952 2017 1113 2058 duobus
1148 2017 1462 2073 Carthaginien-

109 2074 236 2124 sibus,
263 2075 501 2117 Hamilcare
521 2083 561 2118 et
573 2077 824 2119 Hannibale.
862 2079 912 2119 de
931 2093 1013 2132 quo
1032 2079 1111 2120 hoc
1130 2079 1248 2134 plura
1266 2079 1459 2128 feremus,

107 2137 218 2189 quod
244 2143 284 2177 et
314 2137 552 2180 obscuriora
577 2146 674 2180 suut
699 2140 787 2181 eius
812 2147 932 2196 gesta
955 2140 1169 2195 pleraque,
1203 2148 1243 2182 et
1268 2156 1327 2190 ea,
1355 2155 1461 2194 quae

107 2212 303 2252 prospere
335 2199 373 2240 ei
408 2208 638 2251 cesserunt,
676 2217 759 2243 non
794 2203 1078 2258 magnitudine
1117 2199 1348 2258 copiarum,
1389 2204 1463 2243 sed

110 2260 285 2308 consilii,
319 2276 400 2314 quo
432 2269 521 2304 tum
551 2278 693 2305 omnes
727 2265 965 2319 superabat,
998 2266 1253 2315 acciderunt,
1286 2280 1461 2318 quorum

110 2320 188 2361 nisi
207 2322 308 2362 ratio
330 2323 532 2377 explicata
556 2325 690 2375 fuerit,
717 2341 783 2367 res
809 2342 1008 2381 apparere
1034 2343 1115 2368 non
1139 2334 1347 2382 poterunt.

523 2472 648 2513 XIV.
697 2472 1049 2515 DATAMES.

180 2570 213 2610 I.
250 2570 465 2621 Datames,
491 2580 606 2626 patre
628 2573 854 2623 Camisare,
881 2575 1045 2615 natione
1062 2574 1180 2624 Care,
1208 2582 1336 2616 matre
1359 2574 1463 2630 Scy-

111 2631 241 2672 thissa
264 2639 403 2682 natus,
435 2634 612 2688 primum
638 2635 812 2675 militum
835 2630 918 2691 [in]
946 2652 1115 2677 numero
1147 2637 1224 2677 suit
1248 2638 1358 2692 apud
1383 2638 1464 2678 Ar-

112 2700 307 2734 taxerxen
332 2709 491 2745 eorum,
525 2696 595 2750 qui
620 2697 774 2751 regiam
801 2697 1029 2739 tuebantur.
1069 2706 1184 2753 pater
1208 2700 1296 2740 eius
1324 2698 1463 2740 Cami-

1485 977 1502 1005 [ὑ

1489 2087 1506 2115 [0
