1788 3200
307 186 360 226 74
746 184 986 219 CORNELH
1007 182 1221 219 NEPOTIS

306 273 380 315 est,
390 279 512 318 quem
526 263 593 303 ille
606 277 631 302 a
642 267 758 315 patre
772 258 992 313 expulsum
1000 257 1276 306 Alexandrea,
1293 257 1517 298 alienarum
1532 271 1656 310 opum

305 328 571 381 indigentem,
596 328 818 376 receperat.
849 321 938 375 ipse
961 327 1099 361 autem
1111 319 1390 368 Ptolemaeus,
1418 333 1511 359 cum
1537 318 1656 358 vivus

305 389 389 429 filio
402 400 576 441 regnum
595 383 844 432 tradidisset,
870 382 922 424 ab
942 382 1012 423 illo
1026 382 1171 423 eodem
1189 381 1274 422 vita
1291 381 1476 436 privatus
1497 379 1656 420 dicitur.

373 449 442 490 De
478 446 629 501 quibus
664 444 860 499 quoniam
898 444 997 485 satis
1040 443 1195 484 dietum
1230 449 1442 497 putamus,
1481 456 1571 496 non⁴
1598 441 1660 481 in-

307 509 569 552 commodum
604 507 765 548 videtur
794 521 877 546 non
905 505 1124 560 praeterire
1154 504 1436 545 Hamilcarem
1472 510 1512 544 et
1542 502 1661 543 Han-

307 571 498 620 nibalem,
523 584 628 624 quos
654 576 694 610 et
723 568 850 609 animi
880 567 1164 622 magnitudine
1195 573 1235 606 et
1266 566 1486 607 calliditate
1516 579 1660 605 omnes

308 634 350 674 in
374 633 522 674 Africa
544 638 664 672 natos
689 629 944 684 praestitisse
969 634 1141 669 constat.

687 774 843 816 XXII.
892 772 1282 814 HAMILCAR.

377 878 411 919 1.
449 876 677 925 Hamilcar,
703 874 954 916 Hannibalis
980 873 1101 922 filius,
1128 873 1373 928 cognomine
1393 872 1540 922 Barca,
1563 871 1666 913 Car-

309 938 600 995 thaginiensis,
631 937 763 992 primo
788 936 971 977 Poenico
996 935 1122 985 bello,
1150 935 1224 976 sed
1248 933 1502 990 temporibus
1534 941 1666 975 extre-

310 1003 408 1052 mis,
440 1000 663 1042 admodum
695 997 1026 1040 adolescentulus
1056 997 1100 1037 in
1132 995 1275 1039 Sicilia
1304 1011 1497 1051 praeesse
1533 996 1668 1051 coepit

312 1062 520 1105 exercitui.
562 1076 657 1102 cum
688 1067 782 1102 ante
807 1059 895 1101 eius
921 1059 1144 1100 adventum
1170 1066 1209 1099 et
1240 1058 1342 1099 mari
1367 1065 1406 1099 et
1430 1064 1538 1099 terra
1561 1057 1668 1099 male

311 1141 377 1167 res
407 1131 648 1181 gererentur
678 1122 1105 1178 Carthaginiensium,
1137 1122 1244 1176 ipse,
1277 1121 1348 1162 ubi
1380 1121 1516 1170 affuit,
1549 1136 1669 1161 num-

312 1203 438 1242 quam
469 1186 577 1228 hosti
603 1185 727 1227 cessit
751 1199 886 1238 neque
916 1184 1053 1225 locum
1079 1183 1256 1224 nocendi
1280 1183 1393 1224 dedit
1417 1196 1622 1237 saepeque
1646 1196 1669 1222 e

313 1248 515 1290 contrario
550 1247 767 1288 occasione
809 1246 904 1286 data
946 1245 1156 1286 lacessivit
1198 1259 1441 1298 semperque
1485 1243 1670 1298 superior

313 1309 516 1351 discessit.
565 1323 646 1362 quo
683 1307 791 1348 sacto
828 1321 922 1347 eum
957 1320 1088 1360 paene
1124 1305 1262 1346 omnia
1297 1306 1339 1345 in
1367 1304 1509 1346 Sicilia
1538 1304 1670 1345 Poeni

314 1373 567 1421 amisissent,
604 1371 671 1412 ille
700 1370 881 1425 Erycem
913 1370 973 1410 sic
1003 1368 1204 1417 defendit,
1243 1376 1287 1408 ut
1317 1368 1470 1409 bellum
1502 1382 1550 1408 eo
1579 1367 1671 1408 loeo

314 1441 478 1491 gestum
495 1449 579 1474 non
599 1433 817 1474 videretur.
844 1431 1006 1472 interim
1022 1430 1388 1484 Carthaginienses
1409 1429 1541 1470 classe
1561 1428 1672 1483 apud

314 1496 470 1538 insulas
494 1495 680 1550 Aegates
705 1510 731 1535 a
756 1493 805 1535 C.
825 1493 1009 1543 Lutatio,
1037 1492 1204 1533 consule
1229 1491 1524 1538 Romanorum,
1552 1505 1673 1545 supe-

314 1559 391 1599 rati
428 1562 657 1599 statuerunt
698 1555 796 1597 belli
831 1554 967 1595 faeere
1008 1553 1134 1595 finem
1176 1567 1349 1606 eamque
1384 1567 1471 1594 rem
1508 1551 1672 1593 arbitrio

317 1620 591 1674 permiserunt
614 1616 879 1659 Hamilcaris.
923 1616 991 1657 ille
1016 1616 1094 1657 etsi
1124 1614 1325 1670 flagrabat
1355 1613 1534 1655 bellandi
1560 1613 1674 1668 eupi-

317 1683 461 1731 ditate,
493 1687 632 1722 tamen
654 1680 747 1735 paci
773 1678 1040 1720 serviundum
1064 1677 1236 1732 putavit,
1268 1677 1380 1730 quod
1403 1676 1578 1731 patriam
1604 1690 1674 1716 ex-

318 1743 509 1784 haustam
530 1741 762 1796 sumptibus
777 1740 930 1780 diutius
946 1740 1200 1780 calamitates
1214 1738 1310 1780 belli
1330 1738 1436 1779 ferre
1450 1753 1532 1779 non
1549 1752 1674 1792 posse

318 1803 591 1859 intelligebat,
625 1803 698 1843 sed
727 1802 784 1843 ita
819 1808 865 1842 ut
897 1802 1034 1842 statim
1060 1807 1195 1841 mente
1220 1800 1412 1855 agitaret,
1445 1800 1480 1840 si
1503 1799 1674 1854 paulum

319 1866 441 1907 modo
471 1880 537 1906 res
569 1870 707 1905 essent
737 1862 934 1911 refectae,
972 1862 1127 1903 bellum
1157 1876 1354 1902 renovare
1378 1861 1674 1913 Romanosque

319 1927 443 1969 armis
480 1925 690 1981 persequi,
727 1924 920 1966 donicum
957 1930 1027 1964 aut
1062 1923 1210 1963 virtute
1241 1923 1437 1963 vicissent
1472 1929 1543 1963 aut
1578 1922 1675 1963 victi

319 2004 466 2029 manus
498 1988 720 2028 dedissent.
764 1986 843 2027 hoc
869 1986 1038 2026 consilio
1070 2000 1213 2040 pacem
1239 1985 1489 2034 eoneiliavit3
1520 1985 1562 2025 in
1593 1999 1675 2038 quo

321 2057 434 2091 tanta
463 2050 541 2090 fuit
565 2049 736 2097 ferocia,
769 2063 864 2089 cum
891 2047 1065 2089 Catulus
1091 2054 1259 2102 negaret
1291 2046 1445 2087 bellum
1471 2046 1676 2101 composi-

321 2119 475 2161 turum,
513 2112 593 2152 nisi
623 2111 691 2152 ille
716 2126 809 2151 cum
841 2110 945 2159 suis,
978 2109 1049 2163 qui
1072 2109 1252 2163 Erycem
1278 2115 1513 2157 tenuerunt,
1551 2108 1675 2149 armis

320 2174 471 2215 relictis
500 2172 642 2214 Sicilia
666 2172 922 2221 decederent,
948 2178 993 2212 ut
1018 2170 1312 2212 succumbente
1337 2171 1469 2225 patria
1492 2170 1581 2225 ipse
1605 2184 1678 2224 pe-

321 2236 496 2276 riturum
522 2249 565 2275 se
590 2234 727 2289 potius
748 2234 908 2283 dixerit,
935 2248 1059 2286 quam
1079 2247 1173 2273 cum
1199 2240 1311 2273 tanto
1333 2232 1488 2286 flagitio
1507 2232 1677 2272 domum

291 2313 296 2321 ·
322 2298 483 2338 rediret.
522 2311 605 2337 non
623 2296 731 2337 enim
753 2310 851 2337 suae
872 2310 964 2336 esse
983 2295 1157 2344 virtutis,
1185 2311 1298 2335 arma
1317 2310 1341 2335 a
1359 2295 1491 2349 patria
1509 2300 1678 2348 accepta

323 2360 521 2401 adversus
546 2359 684 2400 hostes
711 2358 957 2399 adversariis
979 2358 1150 2398 tradere.
1182 2357 1303 2397 huius
1323 2356 1570 2411 pertinaciae
1589 2370 1678 2397 ces-

324 2423 376 2462 sit
402 2419 633 2476 [Catulus].

390 2484 448 2524 11.
486 2483 546 2523 At
570 2483 650 2531 ille,
677 2490 722 2522 ut
748 2482 1043 2537 Carthaginem
1069 2482 1193 2532 venit,
1218 2481 1347 2524 multo
1372 2481 1489 2522 aliter
1513 2495 1561 2522 ac
1585 2494 1678 2535 spe-

322 2552 431 2586 rarat
460 2560 546 2585 rem
578 2544 785 2599 publicam
818 2559 861 2585 se
893 2544 1113 2585 habentem
1143 2544 1349 2599 cognovit.
1386 2557 1564 2596 namque
1588 2542 1678 2582 diu-

324 2607 516 2647 turnitate
547 2606 705 2647 externi
735 2606 832 2646 mali
864 2612 1021 2646 tantum
1053 2606 1204 2647 exarsit
1234 2605 1473 2646 intestinum
1510 2603 1675 2650 bellum,

324 2675 368 2708 ut
388 2682 613 2721 numquam
632 2667 720 2721 pari
745 2667 926 2721 periculo
946 2667 1069 2709 suerit
1084 2667 1306 2722 CarthagO,
1332 2667 1411 2707 nisi
1431 2680 1524 2707 cum
1543 2663 1677 2704 deleta
