1788 3200
254 412 271 440 [ὗ

255 1031 272 1047 ·)

256 1215 273 1243 3

297 191 352 232 42
734 193 976 230 CORNELII
994 193 1209 230 NEPOTIS

300 289 424 323 sares,
451 272 562 326 quod
582 276 620 312 et
640 285 766 311 manu
790 269 907 311 fortis
934 275 974 310 ct
997 269 1106 312 bello
1127 276 1317 312 strenuus
1337 275 1377 311 et
1401 270 1488 327 regi
1513 271 1651 312 multis

297 336 397 377 locis
423 333 555 374 fidelis
581 339 667 374 erat
691 340 895 387 repertus,
921 331 1066 373 habuit
1090 334 1344 387 provinciam
1368 339 1525 387 partem
1553 332 1653 374 Cili-

298 399 384 438 ciae
408 397 524 437 iuxta
545 394 867 450 Cappadociam,
894 409 1019 448 quam
1043 395 1227 436 incolunt
1239 394 1484 449 Leucosyri.
1522 394 1654 435 Data-

297 473 384 499 mes
409 458 583 498 militare
607 472 757 497 munus
778 456 958 511 fungens
979 457 1167 511 primum,
1194 457 1326 511 qualis
1348 463 1469 506 esset,
1496 457 1654 511 aperuit

296 521 339 561 in
362 520 482 569 bello,
510 520 622 573 quod
645 534 718 560 rex
742 519 940 560 adversus
968 518 1174 560 Cadusios
1199 519 1341 575 gessit.
1385 534 1562 573 namque
1588 519 1655 559 hic

297 582 436 624 multis
461 582 627 623 milibus
652 581 860 636 regiorum
884 581 1108 622 interfectis
1134 582 1274 636 magni
1299 582 1377 622 fuit
1403 582 1489 622 eius
1517 596 1652 636 opera.

297 659 379 697 quo
405 644 560 685 factum
580 649 654 692 est,
684 641 781 698 [ut,]
809 657 902 683 cum
921 642 964 682 in
978 657 1025 683 eo
1045 642 1153 684 bello
1173 643 1389 684 cecidisset
1403 642 1653 692 Camisares,

298 716 467 760 paterna
492 706 529 745 ei
553 711 598 745 ut
623 705 852 744 traderetur
874 704 1098 758 provincia.

365 767 422 807 II.
459 766 558 807 Pari
583 781 627 807 se
647 766 797 806 virtute
816 773 961 819 postea
978 765 1178 819 praebuit,
1207 780 1301 806 cum
1314 765 1652 820 Autophradates

299 829 417 869 iussu
429 827 538 883 regis
554 827 662 868 bello
676 833 993 881 persequeretur
1007 842 1091 876 cos,
1113 827 1184 881 qui
1198 828 1445 868 defecerant.
1478 843 1656 881 namque

298 891 418 930 huius
451 904 576 944 opera
599 888 759 938 hostes,
792 903 887 929 cum
919 894 1053 929 castra
1076 888 1159 929 iam
1182 889 1423 939 intrassent,
1449 890 1657 945 profligati

300 959 406 1001 sunt,
433 951 718 1004 exercitusque
748 950 929 1004 reliquus
950 957 1217 992 conservatus
1242 951 1352 1006 regis
1379 957 1453 992 est.
1492 966 1574 1004 qua
1604 966 1656 992 cx

298 1028 341 1055 re
361 1012 583 1054 maioribus
603 1012 726 1053 rebus
746 1027 939 1066 praeesse
960 1012 1105 1067 coepit.
1145 1019 1231 1054 erat
1249 1027 1297 1054 eo
1312 1019 1495 1067 tempore
1510 1013 1656 1068 Thuys

299 1076 495 1130 dynastes
508 1074 832 1129 Paphlagoniae,
860 1075 1028 1128 antiquo
1053 1089 1216 1130 genere,
1233 1081 1345 1116 ortus
1366 1091 1390 1116 a
1404 1075 1656 1130 Pylaemene

298 1137 386 1187 illo,
418 1151 541 1190 quem
566 1136 777 1177 Homerus
803 1135 953 1177 Troico
985 1136 1093 1178 bello
1123 1152 1148 1178 a
1171 1136 1364 1178 Patroclo
1394 1137 1656 1178 interfectum

300 1199 367 1239 ait.
404 1198 439 1239 is
458 1198 547 1253 regi
566 1197 675 1239 dicto
695 1197 866 1238 audiens
888 1213 970 1239 non
990 1204 1087 1239 erat.
1125 1213 1249 1252 quam
1264 1198 1316 1240 ob
1337 1214 1528 1240 caussam
1546 1198 1655 1240 bello

300 1276 394 1301 eum
418 1259 611 1314 persequi
635 1260 857 1309 constituit,
884 1260 1003 1313 eique
1027 1260 1086 1300 rei
1110 1260 1308 1315 praefecit
1320 1261 1542 1311 Datamen,
1562 1276 1657 1316 pro-

299 1323 499 1377 pinquum
523 1321 824 1377 Paphlagonis:
861 1337 1038 1375 namque
1070 1337 1122 1363 ex
1152 1323 1276 1363 fratre
1308 1330 1348 1364 et
1379 1338 1517 1364 sorore
1542 1329 1657 1364 crant

300 1384 396 1424 nati.
433 1398 559 1436 quam
584 1383 636 1424 ob
662 1397 853 1424 caussam
877 1383 1080 1424 Datames
1111 1384 1289 1438 primum
1315 1385 1491 1439 experiri
1513 1385 1655 1434 voluit,

300 1455 344 1486 ut
370 1445 458 1486 sine
484 1445 607 1485 armis
632 1445 910 1500 propinquum
930 1446 982 1485 ad
1002 1445 1186 1486 officium
1204 1447 1429 1487 reduceret.
1463 1447 1515 1488 ad
1534 1461 1656 1500 quem

300 1523 394 1548 cum
418 1506 600 1548 venisset
625 1507 713 1548 sine
736 1507 955 1562 praesidio,
982 1508 1093 1560 quod
1117 1507 1168 1548 ab
1189 1508 1320 1549 amico
1340 1509 1472 1550 nullas
1498 1523 1659 1549 verere-

301 1576 366 1610 tur
395 1569 584 1619 insidias,
616 1584 746 1624 pacne
778 1569 940 1610 Interiit.
979 1585 1075 1610 nam
1101 1570 1247 1624 Thuys
1280 1586 1373 1611 eum
1400 1571 1505 1612 elam
1535 1571 1658 1611 inter-

301 1632 421 1672 ficere
446 1631 586 1672 voluit.
631 1637 717 1672 erat
741 1637 872 1672 mater
896 1646 989 1672 cum
1003 1631 1197 1682 Datame,
1224 1633 1349 1673 amita
1361 1633 1656 1689 Paphlagonis.

302 1708 362 1742 ca,
389 1693 487 1746 quid
513 1699 714 1748 ageretur,
741 1693 878 1734 resciit
896 1693 1107 1746 filiumque
1133 1695 1302 1735 monuit.
1340 1695 1407 1736 ille
1427 1695 1528 1750 fuga
1552 1695 1659 1750 peri-

302 1755 439 1795 culum
466 1755 633 1795 evitavit
658 1754 893 1808 bellumque
919 1756 1068 1796 indixit
1093 1756 1273 1810 Thuyni.
1312 1757 1354 1797 in
1379 1772 1460 1810 quo
1486 1772 1580 1797 cum
1606 1756 1658 1798 ab

301 1816 603 1866 Ariobarzane,
635 1817 844 1871 praefecto
869 1817 1032 1871 Lydiae
1058 1824 1099 1858 ct
1122 1818 1265 1859 Ioniae
1290 1819 1499 1872 totiusque
1524 1819 1659 1873 Phry-

302 1879 407 1933 giae,
434 1879 620 1919 desertus
642 1886 763 1928 essct,
790 1878 917 1919 nihilo
944 1879 1112 1934 segnius
1137 1881 1417 1934 perseveravit
1435 1881 1658 1934 vivumque

303 1940 456 1994 Thuyn
481 1940 588 1994 cepit
614 1955 706 1981 cum
732 1956 861 1981 uxore
886 1947 926 1981 ct
949 1941 1102 1982 liberis.

370 2002 451 2042 III.
498 2000 629 2043 Cuius
661 2002 759 2043 facti
792 2017 842 2043 nc
873 2002 986 2057 prius
1018 2003 1130 2044 fama
1160 2004 1213 2044 ad
1242 2019 1384 2059 regem
1415 2019 1539 2057 quam
1570 2004 1659 2059 ipsc

303 2063 551 2118 perveniret,
584 2064 695 2104 dedit
720 2079 899 2118 operam.
943 2065 1080 2118 itaque
1105 2065 1295 2107 omnibus
1322 2066 1462 2107 insciis
1489 2080 1555 2115 eo,
1588 2065 1660 2107 ubi

304 2132 387 2166 crat
413 2140 503 2175 rex,
535 2126 647 2166 venit
676 2133 924 2180 posteroque
956 2126 1021 2167 die
1048 2126 1218 2181 Thuyn,
1251 2127 1459 2168 hominem
1491 2127 1659 2167 maximi

303 2187 484 2242 corporis
517 2188 767 2241 terribilique
799 2188 922 2238 facie,
949 2189 1061 2241 quod
1093 2196 1133 2230 ct
1156 2190 1273 2244 niger
1298 2196 1338 2230 ct
1364 2189 1510 2244 capillo
1536 2189 1659 2244 longo

284 2249 512 2303 barbaque
539 2256 625 2290 erat
654 2250 877 2304 promissa,
910 2251 1065 2305 optima
1089 2258 1204 2292 veste
1230 2252 1348 2301 texit,
1382 2266 1507 2304 quam
1533 2257 1661 2291 satra-

303 2326 379 2366 pae
410 2311 511 2366 regii
541 2326 684 2366 gerere
715 2319 980 2362 consucrant3
1019 2313 1179 2353 ornavit
1210 2313 1332 2353 ctiam
1363 2319 1507 2366 torque
1538 2319 1660 2366 atque

304 2373 471 2414 armillis
498 2373 632 2414 aurcis
659 2380 875 2427 ceteroque
906 2375 1020 2430 regio
1047 2375 1178 2425 cultu3
1215 2376 1305 2429 ipse
1330 2375 1483 2430 agresti
1508 2375 1660 2430 duplici

304 2435 479 2475 amiculo
505 2435 781 2477 circumdatus
806 2436 994 2489 hirtaque
1021 2437 1170 2486 tunica,
1197 2452 1345 2492 gerens
1371 2438 1413 2477 in
1432 2437 1563 2491 capite
1589 2452 1661 2492 ga-

303 2497 409 2537 leam
435 2497 706 2547 venatoriam,
740 2498 885 2539 dextra
909 2514 1033 2539 manu
1061 2499 1232 2548 clavam,
1267 2500 1432 2540 sinistra
1457 2498 1658 2553 copulam,

304 2574 384 2611 qua
400 2559 581 2599 vinctum
606 2566 699 2600 ante
726 2574 769 2600 sc
784 2560 1004 2615 Thuynem
1024 2561 1186 2616 agebat,
1212 2568 1258 2602 ut
1278 2562 1312 2602 si
1331 2561 1461 2602 feram
1485 2561 1659 2602 bestiam

262 2634 278 2659 :5
306 2633 465 2674 captam
497 2622 676 2663 duceret.
727 2638 851 2676 quem
882 2639 977 2664 cum
1008 2638 1150 2665 omnes
1182 2625 1465 2678 conspicerent
1493 2627 1660 2678 propter

306 2683 528 2723 novitatem
559 2691 725 2726 ornatus
759 2685 1026 2739 ignotamque
1057 2685 1251 2736 sormam,
1289 2685 1342 2727 ob
1374 2698 1546 2738 eamque
1571 2699 1655 2725 rem
1694 2732 1696 2734 Ι
