1788 3200
303 211 358 252 98
564 213 803 250 CORNELII
825 211 1043 248 NEPOTIS
1063 212 1395 249 FRAGMENTA.

543 353 607 381 EX
634 351 783 381 LIBRO
810 352 871 379 DE
896 351 1178 381 HISTORICIS
1206 351 1418 380 LATINIS.

794 405 850 438 De
865 405 965 438 laude
980 405 1163 438 Ciceronis,

369 477 425 517 II.
462 475 556 517 Non
585 475 774 530 ignorare
806 473 952 523 debes,
983 488 1112 514 unum
1143 474 1221 515 hoe
1251 489 1382 529 genus
1409 473 1654 515 Latinarum

300 539 527 579 litterarum
551 537 686 578 adhuc
711 550 793 577 non
817 535 940 576 modo
965 550 1047 576 non
1071 536 1320 590 respondere
1341 534 1554 585 Graeciae,
1581 536 1654 577 sed

301 600 467 641 omnino
498 599 599 640 rude
630 604 753 652 atque
784 597 1021 638 inchoatum
1053 604 1181 638 morte
1209 596 1421 639 Ciceronis
1453 598 1651 639 relietum.

301 663 367 703 ille
394 662 503 703 enim
528 661 606 702 fuit
630 674 757 709 unus,
789 659 861 712 qui
889 658 1068 712 potuerit
1093 664 1132 698 et
1164 659 1286 699 etiam
1311 659 1496 700 debuerit
1527 659 1654 701 histo-

299 725 402 765 riam
433 724 560 778 digna
589 736 692 763 voce
720 720 1003 775 pronuntiare:
1041 720 1193 774 quippe
1224 720 1296 774 qui
1320 721 1538 762 oratoriam
1570 721 1654 762 elo-

300 785 511 839 quentiam
534 783 679 824 rudem
698 797 723 823 a
740 781 965 823 maioribus
991 788 1203 836 acceptam
1221 781 1497 837 perpoliverit,
1522 782 1654 837 philo-

299 847 489 902 sophiam
520 854 614 886 ante
646 859 741 886 eum
771 844 1023 897 incomptam
1053 842 1250 884 Latinam
1283 859 1359 884 sua
1389 843 1655 885 conformarit

297 908 493 949 oratione.
536 922 588 948 ex
612 921 694 960 quo
719 905 881 954 dubito,
914 905 1079 946 interitu
1110 905 1199 946 eius
1230 911 1367 946 utrum
1392 919 1457 946 res
1488 904 1655 960 publica

297 986 349 1012 an
375 970 546 1012 historia
570 968 704 1024 magis
730 967 878 1009 doleat.

364 1032 577 1087 Locuples
609 1045 657 1071 ac
687 1030 826 1070 divina
855 1035 1020 1079 natura,
1057 1043 1140 1082 quo
1170 1029 1367 1071 maiorem
1399 1029 1463 1069 sui
1493 1034 1654 1084 pareret

299 1094 611 1135 admirationem
636 1091 1006 1147 ponderatioraque
1027 1106 1102 1132 sua
1121 1098 1260 1133 essent
1278 1091 1491 1140 beneficia,
1518 1105 1653 1145 neque

297 1156 369 1197 uni
394 1156 532 1197 omnia
556 1155 653 1196 dare
679 1168 755 1194 nee
780 1168 922 1194 rursus
949 1152 1141 1207 cuiquam
1167 1153 1304 1194 onmia
1334 1153 1462 1194 voluit
1487 1167 1651 1208 negare.

561 1279 624 1306 EX
651 1277 905 1307 EPISTOLIS
933 1277 996 1305 AD
1022 1277 1069 1305 Μ.
1098 1276 1390 1307 CICERONEM.

829 1331 885 1364 De
899 1331 1124 1375 philosophia.

361 1401 442 1441 III.
481 1399 661 1440 Tantum
687 1398 817 1448 abest,
845 1405 890 1439 ut
908 1413 986 1454 ego
1006 1399 1247 1454 magistram
1267 1413 1358 1440 esse
1383 1406 1525 1454 putem
1543 1398 1652 1439 vitae

295 1462 598 1518 philosophiam
630 1461 858 1515 beataeque
883 1461 992 1502 vitae
1016 1460 1320 1515 perfectricem,
1346 1467 1390 1501 ut
1416 1460 1538 1502 nullis
1565 1476 1651 1501 ma-

294 1526 359 1581 gis
380 1525 611 1566 existimem
631 1538 735 1578 opus
757 1537 848 1565 esse
868 1523 1088 1578 magistros
1102 1523 1268 1564 vivendi
1288 1537 1411 1576 quam
1431 1522 1650 1578 plerisque,

293 1587 365 1641 qui
388 1587 432 1628 in
456 1601 505 1627 ea
529 1585 778 1641 disputanda
802 1591 1030 1626 versantur.
1068 1584 1189 1626 video
1209 1585 1318 1626 enim
1338 1599 1534 1640 magnam
1558 1599 1650 1639 par-

293 1656 375 1690 tem
402 1663 563 1697 eorum,
596 1647 666 1701 qui
691 1647 734 1688 in
759 1647 901 1689 schola
934 1647 985 1688 de
1009 1647 1167 1702 pudore
1192 1653 1232 1688 et
1256 1647 1505 1688 continentia
1533 1661 1651 1701 prae-

296 1711 448 1765 cipiant
473 1709 751 1765 argutissime,
778 1709 946 1750 eosdem
970 1709 1014 1750 in
1039 1709 1221 1750 omnium
1247 1709 1463 1751 libidinum
1495 1708 1650 1763 cupidi-

293 1771 447 1813 tatibus
473 1772 624 1813 vivere.
