1788 3200
334 229 387 269 66
773 232 1013 267 CORNELII
1031 232 1246 268 NEPO'I'IS

290 329 301 356 1
398 311 456 350 X.
495 309 578 349 Hic
602 308 814 348 Eumenes
847 307 1039 348 callidum
1069 307 1356 362 imperatorem
1386 307 1481 347 vicit
1513 309 1684 350 consilio

330 371 664 422 celeritatemque
693 369 909 423 impedivit
939 369 1040 418 eius,
1072 383 1206 422 neque
1231 376 1369 410 tamen
1393 369 1568 410 multum
1593 385 1685 424 pro-

285 448 303 477 2
330 434 439 474 fecit.
483 448 580 473 nam
610 432 765 473 invidia
795 432 967 481 ducum,
1000 447 1094 472 cum
1125 432 1275 485 quibus
1302 438 1400 481 erat,
1432 432 1684 486 perfidiaque

328 495 609 536 Macedonum
623 501 921 542 veteranormn,
937 508 1030 534 eum
1045 494 1230 548 superior
1242 494 1396 548 proelio
1410 494 1682 543 discessisset,

329 556 543 611 Antigono
568 563 631 597 est
655 555 837 604 deditus,
870 570 963 595 cum
989 555 1193 595 exercitus
1219 557 1256 595 ei
1282 563 1342 596 ter
1366 562 1460 596 ante
1486 556 1684 610 separatis

330 619 582 674 temporibus
614 618 809 666 iurasset,
843 632 887 657 se
919 632 1012 657 eum
1038 617 1304 657 defensurum
1329 631 1463 670 neque
1488 631 1683 670 uniquam

330 682 600 722 deserturum.
639 680 713 720 sed
737 685 850 719 tanta
874 678 952 718 fuit
982 678 1272 718 nonnullorum
1297 678 1458 719 virtutis
1484 678 1686 719 obtrecta-

331 742 405 790 tio,
442 749 487 781 ut
524 742 646 781 fidem
682 740 868 780 amittere
899 740 1066 780 mallent
1102 754 1227 792 quam
1265 754 1359 779 eum
1388 754 1472 780 non
1499 740 1683 793 perdere.

288 815 306 843 3
332 810 453 856 atque
479 803 588 843 hunc
612 801 867 856 AntigonUS,
900 815 994 841 cum
1020 801 1057 841 ei
1081 801 1230 841 fuisset
1255 801 1563 850 infestissimus,
1589 817 1686 843 con-

331 871 548 911 servasset,
576 863 610 903 si
634 877 708 917 per
733 877 829 903 suos
855 869 966 902 esset
989 862 1159 911 licitum,
1186 863 1297 915 quod
1316 861 1367 902 ab
1392 862 1505 903 nullo
1524 877 1568 903 se
1592 863 1685 916 plus

330 925 515 966 adiuvari
546 939 669 979 posse
700 923 957 978 intelligebat
986 924 1028 964 in
1052 924 1117 965 his
1142 923 1286 972 rebus,
1318 938 1421 976 quas
1447 923 1685 978 impendere

329 987 410 1027 iam
436 985 661 1040 apparebat
685 985 889 1026 omnibus.
926 985 1196 1026 imminebant
1221 985 1329 1025 enim
1357 983 1572 1033 Seleucus,
1597 985 1687 1039 Ly-

333 1048 555 1095 simachus,
581 1047 867 1096 Ptolemaeus,
900 1046 1047 1100 opibus
1079 1047 1161 1087 iam
1186 1046 1391 1095 valentes,
1418 1061 1512 1086 cum
1536 1046 1685 1099 quibus

285 1123 305 1152 4
331 1110 368 1150 ei
393 1110 443 1150 de
469 1109 641 1150 summis
666 1108 789 1149 rebus
815 1114 902 1148 erat
925 1108 1217 1148 dimicandum.
1257 1108 1330 1148 sed
1353 1122 1435 1148 non
1460 1107 1573 1161 passi
1592 1114 1687 1148 sunt

331 1171 386 1219 hi,
413 1170 484 1224 qui
515 1171 623 1211 cirea
649 1175 775 1218 erant,
807 1169 919 1222 quod
938 1169 1133 1210 videbant
1149 1169 1339 1209 Eumene
1358 1175 1523 1223 recepto
1543 1183 1686 1209 omnes

332 1246 430 1287 prae
456 1232 524 1272 illo
550 1231 667 1285 parvi
698 1231 873 1271 futuros.
917 1231 1006 1284 ipse
1039 1238 1177 1271 autem
1201 1229 1441 1285 Antigonus
1469 1230 1571 1270 adeo
1602 1237 1687 1270 erat

332 1295 538 1341 incensus,
565 1301 610 1332 ut
635 1292 713 1333 nisi
738 1307 890 1346 magna
915 1307 988 1346 spe
1006 1292 1281 1333 maximarum
1304 1306 1440 1332 rerum
1464 1291 1581 1331 leniri
1605 1306 1685 1332 non

332 1361 485 1409 posset.

290 1430 303 1458 1
397 1415 480 1456 XI.
519 1415 664 1468 Itaque
696 1430 789 1455 cum
822 1430 914 1455 eum
947 1415 988 1455 in
1013 1415 1242 1456 custodiam
1268 1413 1468 1463 dedisset,
1501 1420 1540 1454 et
1569 1429 1687 1467 prae-

332 1477 465 1517 fectus
491 1477 707 1517 eustodum
734 1476 976 1529 quaesisset,
1003 1476 1351 1530 quemadmodum
1378 1475 1532 1516 servari
1549 1475 1684 1523 vellet,

335 1538 421 1587 „Ut
435 1537 720 1586 aeer1·imum,“
731 1538 876 1590 inquit,
894 1537 1078 1587 „leonem
1095 1546 1165 1578 aut
1177 1537 1479 1578 ferocissimum
1494 1536 1688 1591 elephan-

333 1602 459 1639 tum.“
508 1599 691 1640 nondum
724 1599 832 1639 enim
864 1605 1078 1648 statuerat,
1117 1605 1379 1640 conservaret
1414 1613 1509 1639 eum
1544 1612 1685 1638 necne.

287 1674 305 1703 2
333 1660 524 1701 veniebat
549 1668 687 1701 autem
713 1661 765 1701 ad
790 1660 1023 1701 Eumenem
1055 1669 1273 1713 utrumque
1304 1675 1435 1715 genus
1461 1659 1684 1706 hominum,

332 1728 372 1762 et
396 1721 467 1774 qui
499 1728 666 1775 propter
689 1722 829 1762 odium
861 1722 1040 1762 fructum
1066 1722 1194 1762 oculis
1227 1737 1278 1762 ex
1303 1722 1391 1762 eius
1417 1736 1516 1761 casu
1542 1735 1686 1774 capere

331 1783 495 1831 vellent,
522 1790 562 1822 et
587 1782 657 1835 qui
682 1789 1059 1836 propter·veterem
1085 1783 1307 1823 amicitiam
1339 1782 1516 1835 colloqui
1542 1796 1685 1822 conso-

332 1844 488 1896 larique
518 1850 733 1897 cuperent3
765 1843 882 1883 multi
918 1844 1053 1892 etiam,
1086 1844 1157 1896 qui
1194 1844 1282 1896 eius
1321 1844 1496 1884 formam
1533 1857 1685 1897 cogno-

334 1919 447 1945 scere
474 1904 707 1952 studebant,
735 1904 867 1956 qualis
888 1911 1010 1953 esset,
1036 1919 1159 1957 quem
1185 1913 1268 1945 tam
1288 1905 1359 1945 diu
1382 1911 1547 1956 tamque
1566 1904 1684 1944 valde

334 1966 585 2014 timuissent,
629 1965 746 2005 euius
782 1965 825 2005 in
860 1965 1040 2019 pernicie
1075 1966 1250 2019 positam
1289 1980 1405 2019 spem
1445 1965 1687 2006 habuissent

291 2040 310 2068 3
336 2027 544 2067 victoriae.
587 2032 629 2067 at
652 2025 884 2075 Eumenes,
922 2041 1015 2067 cum
1046 2027 1199 2068 diutius
1229 2027 1271 2066 in
1296 2027 1441 2067 vinclis
1467 2032 1594 2075 esset,
1631 2026 1687 2066 ait

335 2087 620 2138 Onomarcho,
651 2102 780 2142 penes
810 2102 933 2143 quem
966 2103 1128 2129 summa
1157 2088 1318 2142 imperii
1343 2094 1429 2129 erat
1459 2088 1684 2136 custodiae,

334 2165 378 2190 se
403 2150 553 2198 mirari,
580 2164 706 2202 quare
725 2150 807 2190 iam
827 2150 990 2190 tertium
1010 2150 1119 2190 diem
1145 2150 1203 2190 sic
1229 2156 1449 2190 teneretur:
1476 2164 1559 2190 non
1577 2149 1685 2189 enim

333 2211 411 2252 hoc
429 2211 649 2251 convenire
662 2210 865 2265 Antigoni
884 2212 1137 2265 prudentiae,
1165 2219 1207 2251 ut
1229 2212 1287 2252 sic
1306 2212 1540 2252 deuteretur
1558 2211 1684 2259 vict03

288 2285 307 2313 4
334 2272 433 2325 quin
457 2279 527 2312 aut
552 2272 724 2312 interfici
750 2280 820 2312 aut
846 2272 1019 2312 missum
1043 2273 1131 2313 fieri
1156 2272 1326 2313 iuberet.
1369 2272 1436 2312 1110
1461 2287 1556 2312 011111
1580 2272 1686 2312 fero-

333 2334 420 2374 cius
436 2331 703 2375 Onomarcho
717 2334 829 2386 loqui
843 2334 1060 2382 videretur,
1085 2333 1225 2386 „Quid
1238 2334 1332 2374 ω’.ρει
1352 2333 1497 2387 inquit,
1522 2333 1685 2383 „animo

334 2395 369 2435 si
393 2395 472 2435 isto
497 2410 607 2443 eras,
639 2409 712 2435 eur
737 2410 818 2435 non
849 2395 890 2434 in
914 2395 1069 2449 proelio
1095 2395 1278 2436 cecidisti
1308 2395 1458 2449 potius,
1490 2409 1614 2448 quam
1644 2394 1685 2434 in

289 2470 308 2499 ῠ
333 2462 580 2510 potestatem
600 2456 755 2496 inimici
768 2456 979 2496 venires?“
1014 2456 1109 2497 huie
1122 2456 1352 2497 Eumenes:
1383 2455 1582 2506 „Utinam
1596 2455 1686 2508 qui-

332 2518 427 2558 dem
451 2518 561 2558 istud
586 2517 810 2559 evenisset!
849 2518 923 2559 sed
955 2533 1002 2559 eo
1028 2534 1110 2559 non
1129 2519 1298 2567 accidit,
1325 2518 1436 2571 quod
1460 2531 1684 2570 numquam

332 2593 427 2619 cum
457 2578 625 2620 fortiore
664 2594 756 2620 sum
787 2594 1048 2635 congressus.
1098 2595 1179 2621 non
1210 2580 1319 2621 enim
1350 2595 1443 2620 eum
1476 2593 1682 2632 quoquam

332 2655 446 2681 arma
476 2641 648 2690 contuli,
680 2641 779 2694 quin
803 2641 837 2682 is
864 2641 963 2682 mihi
990 2642 1269 2691 suceubuerit3
1294 2656 1377 2682 non
1402 2641 1510 2682 enim
1536 2640 1682 2679 virtute

333 2700 524 2750 hostium,
541 2702 613 2742 scd
628 2702 852 2743 amicorum
871 2703 1042 2756 perfidia
1054 2704 1227 2744 decidi.“
1245 2735 1253 2743 .
1270 2735 1278 2744 .
1305 2717 1438 2755 neque
1451 2702 1492 2741 id
1512 2700 1681 2750 falsum:
