1788 3200
312 223 363 264 16
751 226 989 262 CORNELII
1009 227 1223 264 NEPOTlS

309 303 511 359 repentini
535 302 706 343 consilii.
754 302 851 343 huic
880 302 966 352 ille,
998 303 1097 356 quid
1127 317 1179 344 ex
1206 303 1350 344 litteris
1383 303 1661 357 comperisset,

266 384 283 411 0
310 366 450 420 aperit.
493 364 616 405 modo
646 363 779 418 magis
811 364 1041 405 Pausanias
1071 364 1333 418 perturbatus
1365 379 1480 406 orare
1516 364 1661 419 coepit,

307 442 359 468 ne
396 426 625 467 enuntiaret
659 440 736 466 nec
768 440 812 466 se
848 426 1039 466 meritum
1075 426 1126 466 de
1161 426 1230 467 illo
1267 427 1419 481 optime
1454 426 1661 480 proderet:

307 488 455 542 quodsi
480 502 571 528 eam
595 487 758 528 veniam
784 486 862 528 sibi
886 487 1069 528 dedisset
1093 488 1298 541 tantisque
1322 487 1576 542 implicatum
1599 501 1662 528 re-

307 549 385 591 bus
412 549 681 598 sublevasset,
708 563 860 602 magno
885 548 922 589 ei
946 548 1128 602 praemio
1152 548 1350 589 futurum.

265 627 279 655 1
375 611 427 653 V.
463 611 548 653 His
572 610 695 652 rebus
722 610 865 664 ephori
890 610 1064 665 cognitis
1097 611 1224 651 satius
1249 617 1463 665 putarunt,
1494 611 1537 651 in
1561 609 1661 651 urbe

307 689 401 714 eum
427 671 730 726 comprehendi.
767 685 849 723 quo
875 685 970 711 cum
993 678 1132 711 essent
1155 671 1341 725 profecti,
1368 678 1408 712 et
1431 671 1660 712 Pausanias

307 735 470 789 placato
494 733 676 787 Argilio,
708 738 754 772 ut
784 731 968 785 putabat,
994 732 1354 772 Lacedaemonem
1379 739 1659 780 reverteretur,

306 797 347 836 in
372 796 533 843 itinere,
560 808 654 834 cum
678 793 761 833 iam
785 793 828 833 in
852 807 900 833 eo
926 799 1054 842 esset,
1080 799 1125 833 ut
1150 793 1579 847 comprehenderetur,
1611 808 1662 833 ex

305 857 424 897 vultu
448 855 664 896 cuiusdam
689 854 843 908 ephori,
869 854 940 907 qui
965 868 1060 894 eum
1086 854 1299 895 admoneri
1323 853 1532 908 cupiebat,
1563 854 1663 894 insi-

307 919 395 959 dias
416 917 495 959 sibi
514 916 602 957 fieri
620 915 831 956 intellexit.
868 915 1007 968 itaque
1025 915 1167 969 paucis
1188 922 1282 956 ante
1300 914 1511 970 gradibus,
1538 928 1662 967 quam

305 980 376 1034 qui
401 994 496 1021 eum
521 977 809 1031 sequebantur,
836 977 879 1017 in
903 977 1048 1017 aedem
1066 976 1295 1026 Minervae,
1321 991 1426 1030 quae
1448 975 1663 1018 Chalcioe-

307 1056 377 1083 cos
403 1046 584 1089 vocatur,
611 1039 809 1094 confugit.
847 1038 943 1079 hinc
967 1053 1018 1079 ne
1043 1039 1153 1079 exire
1178 1045 1331 1092 posset,
1358 1038 1494 1079 statim
1521 1037 1663 1092 ephori

306 1103 448 1145 valvas
480 1102 568 1143 eius
600 1101 713 1142 aedis
745 1100 1039 1142 obstruxerunt
1069 1107 1305 1153 tectumque
1337 1106 1434 1141 sunt
1464 1099 1660 1146 demoliti,

262 1180 281 1209 3
307 1180 389 1219 quo
420 1164 592 1205 celerius
625 1162 702 1204 sub
734 1162 829 1203 divo
859 1162 1053 1202 interiret.
1091 1162 1256 1211 dieitur,
1290 1176 1338 1202 eo
1363 1168 1546 1215 tempore
1576 1175 1663 1200 ma-

306 1234 409 1268 trem
421 1225 655 1266 Pausaniae
674 1224 828 1265 vixisse
848 1238 1021 1277 eamque
1039 1223 1121 1264 iam
1140 1238 1292 1278 magno
1310 1229 1422 1272 natu,
1442 1228 1662 1277 postquam

306 1289 357 1330 de
383 1287 536 1330 scelere
560 1286 634 1327 filii
658 1286 874 1340 comperit,
906 1285 949 1326 in
972 1285 1115 1340 primis
1147 1286 1200 1326 ad
1229 1285 1358 1325 filium
1389 1283 1661 1325 claudendum

259 1365 280 1393 4
305 1350 485 1404 lapidem
515 1348 568 1389 ad
597 1348 807 1389 introitum
838 1347 952 1388 aedis
983 1346 1182 1387 attulisse.
1227 1346 1286 1387 sic
1314 1345 1546 1386 Pausanias
1576 1359 1663 1385 ma-

305 1426 432 1466 gnam
455 1410 553 1451 belli
577 1409 752 1464 gloriam
777 1408 886 1462 turpi
910 1414 1040 1449 morte
1064 1407 1299 1448 maculavit.
1336 1406 1403 1447 hic
1422 1421 1517 1446 cum
1542 1405 1663 1446 semi-

305 1472 453 1513 animis
479 1472 530 1512 de
555 1470 708 1525 templo
734 1470 865 1511 elatus
891 1475 1013 1518 esset,
1041 1469 1259 1510 confestim
1290 1469 1469 1509 animam
1494 1467 1660 1508 efflavit.

261 1551 279 1578 5
306 1534 422 1575 cuius
453 1533 605 1574 mortui
635 1546 785 1586 corpus
817 1546 911 1572 cum
936 1531 1082 1572 eodem
1107 1530 1294 1572 nonnulli
1317 1531 1498 1571 dicerent
1522 1529 1663 1570 inferri

305 1602 505 1651 oportere,
531 1610 614 1649 quo
638 1595 685 1644 ii,
712 1594 783 1648 qui
807 1594 860 1635 ad
885 1594 1133 1648 supplicium
1158 1599 1296 1634 essent
1320 1593 1423 1642 dati,
1456 1591 1662 1646 displicuit

307 1657 509 1713 pluribus,
536 1664 576 1698 et
593 1657 737 1711 procul
756 1656 807 1698 ab
822 1671 870 1697 eo
889 1656 979 1697 loco
992 1656 1242 1705 infoderunt,
1271 1670 1353 1709 quo
1373 1660 1459 1695 erat
1477 1659 1662 1695 mortuus

305 1720 400 1760 inde
424 1719 629 1773 posterius
643 1718 839 1772 Delphici
863 1733 1063 1772 responso
1089 1724 1228 1759 erutus
1254 1724 1377 1771 atque
1402 1716 1548 1758 eodem
1571 1715 1662 1757 loco

306 1781 491 1836 sepultus
519 1779 635 1835 [est],
662 1780 733 1820 ubi
759 1780 884 1820 vitam
908 1785 1115 1834 posucrat.

262 933 280 961 [Ο

804 1925 856 1966 V.
909 1924 1168 1967 CIMON.

263 2044 277 2072 1
374 2029 409 2070 I.
448 2028 611 2078 Cimon,
632 2027 834 2068 Miltiadis
859 2027 981 2076 filius,
1002 2025 1284 2075 Atheniensis,
1311 2026 1413 2067 duro
1439 2025 1661 2066 admodum

305 2092 419 2132 initio
451 2106 551 2132 usus
583 2097 646 2131 est
676 2089 989 2130 adolescentiae.
1037 2104 1133 2129 nam
1164 2103 1258 2129 cum
1287 2095 1404 2142 pater
1428 2088 1516 2129 eius
1547 2087 1661 2128 litem

306 2154 565 2195 aestimatam
584 2152 737 2206 populo
763 2151 921 2192 solvere
946 2166 1029 2191 non
1053 2151 1256 2205 potuisset
1274 2149 1326 2190 ob
1352 2163 1524 2202 eamque
1545 2163 1662 2190 caus-

306 2230 394 2256 sam
419 2215 461 2255 in
485 2214 629 2255 vinclis
655 2212 831 2267 publicis
857 2212 1115 2261 decessisset,
1138 2211 1288 2253 Cimon
1313 2211 1456 2252 cadem
1477 2211 1664 2252 custodia

304 2276 531 2325 tenebatur,
556 2290 690 2328 neque
714 2274 877 2329 legibus
891 2273 1217 2314 Atheniensibus
1238 2273 1367 2314 emitti
1387 2279 1558 2327 poterat,
1583 2272 1663 2313 nisi

304 2338 541 2393 pecuniam,
579 2351 660 2390 qua
696 2342 813 2390 pater
847 2336 1044 2376 multatus
1082 2342 1186 2384 crat,
1225 2335 1428 2376 solvisset.
1483 2333 1663 2375 habebat

304 2406 442 2440 autem
472 2399 515 2439 in
545 2398 804 2439 matrimonio
836 2412 1016 2438 sororem
1053 2412 1293 2452 germanam
1324 2411 1460 2446 suam,
1497 2395 1662 2436 nomine

304 2461 538 2515 Elpinicen,
565 2475 648 2501 non
673 2460 805 2514 magis
832 2474 970 2500 amore
995 2474 1119 2512 quam
1145 2473 1257 2499 more
1282 2459 1445 2507 ductus.
1482 2470 1660 2509 namque

261 2538 279 2566 3
306 2521 634 2564 Atheniensibus
659 2521 753 2561 licet
773 2522 917 2562 codem
943 2527 1057 2576 patre
1082 2527 1199 2561 natas
1219 2534 1368 2560 uxores
1388 2520 1550 2559 ducere.
1586 2517 1661 2557 hu-

303 2585 367 2625 ius
399 2584 580 2639 coniugii
610 2583 784 2638 cupidus
812 2582 966 2624 Callias
992 2583 1178 2636 quidam,
1210 2597 1293 2622 non
1324 2587 1407 2622 tam
1432 2593 1657 2634 generosus

305 2660 428 2698 quam
452 2645 719 2699 pecuniosus,
751 2645 821 2697 qui
847 2660 1018 2699 magnas
1050 2643 1246 2698 pecunias
1272 2658 1323 2683 ex
1353 2641 1526 2682 metallis
1551 2639 1661 2679 fece-

305 2714 385 2755 rat,
423 2707 506 2760 egit
538 2721 631 2747 cum
659 2706 851 2755 Cimone,
883 2712 928 2746 ut
959 2720 1049 2746 eam
1081 2705 1160 2745 sibi
1191 2718 1359 2745 uxorem
1390 2702 1521 2742 daret:
1558 2700 1600 2741 id
1626 2700 1658 2741 si

260 2353 278 2382 10
