1741 3184
634 211 916 247 LYSANDER.
1394 204 1446 244 19

101 286 285 328 mularet.
322 298 498 338 namque
528 285 728 337 undique,
765 287 835 338 qui
859 286 1176 327 Atheniensium
1206 286 1329 328 rebus
1361 293 1446 329 stu-

101 349 304 396 duissent,
336 346 474 387 eiectis
511 346 654 386 decem
684 345 893 400 delegerat
921 347 964 387 in
993 362 1239 401 unaquaque
1270 349 1445 397 civitate,

99 409 250 462 quibus
275 421 482 449 summum
511 406 729 460 imperium
752 413 1081 460 potestatemque
1106 410 1287 449 omnium
1312 424 1447 450 rerum

99 469 382 512 committeret.
418 467 566 508 horum
589 468 632 507 in
656 481 872 508 numerum
896 481 1017 509 nemo
1042 469 1342 519 admittebatur,
1368 471 1449 511 nisi

100 530 172 583 qui
195 536 266 570 aut
295 528 383 569 eius
416 528 594 582 hospitio
625 528 900 569 contineretur
935 536 1006 569 aut
1036 544 1080 570 se
1109 529 1218 570 illius
1243 530 1331 571 fore
1355 546 1448 585 pro-

99 591 234 646 prium
257 589 338 630 fide
363 589 633 630 confirmarat.

167 651 226 691 11.
272 650 339 691 Ita
363 650 624 691 decemvirali
647 655 849 705 potestate
874 650 916 690 in
941 650 1132 692 omnibus
1157 650 1328 693 urbibus
1354 666 1450 693 con-

102 712 242 753 stituta
265 711 395 765 ipsius
420 717 523 751 nutu
542 712 680 752 omnia
702 711 962 766 gerebantur.
1000 712 1116 753 euius
1136 712 1188 753 de
1212 712 1449 753 crudelitate

101 787 149 814 ac
171 772 343 827 perfidia
368 772 466 813 satis
488 778 692 813 estunam
716 787 803 813 rem
822 772 999 827 exempli
1022 773 1155 828 gratia
1178 773 1372 827 proferre,
1398 788 1449 814 ne

101 835 153 875 de
178 835 326 875 eodem
348 833 467 888 plura
492 834 768 875 enumerando
793 833 1068 889 defatigemus
1093 834 1277 876 lectores.
1320 835 1449 876 vietor

102 910 154 937 ex
171 894 277 936 Asia
301 909 394 936 cum
418 901 687 936 reverteretur
705 895 973 948 Thasumque
998 895 1242 945 divertisset,
1268 896 1379 949 quod
1403 911 1452 937 ea

103 956 246 998 civitas
270 956 491 1011 praecipua
514 956 595 996 fide
619 956 753 997 fuerat
777 971 875 1010 erga
892 955 1184 1005 Athenienses,
1209 957 1380 1011 proinde
1404 971 1452 997 ac

103 1018 138 1059 si
170 1016 290 1073 [non]
323 1018 448 1058 iidem
483 1017 708 1058 firmissimi
739 1017 918 1058 solerent
946 1031 1039 1058 esse
1075 1017 1214 1066 amici,
1251 1017 1321 1070 qui
1358 1031 1453 1057 con-

104 1085 258 1119 stantes
283 1077 462 1119 fuissent
489 1078 657 1127 inimici,
682 1084 914 1131 pervertere
945 1092 1037 1118 eam
1068 1078 1314 1132 concupivit.
1353 1078 1453 1118 vidit

102 1146 251 1188 autem,
273 1139 352 1179 nisi
364 1139 407 1179 in
421 1153 469 1179 eo
489 1139 736 1180 occultasset
748 1139 1013 1188 voluntatem,
1034 1138 1230 1188 futurum,
1251 1148 1295 1180 ut
1310 1139 1453 1180 Thasii

102 1200 379 1242 dilaberentur
403 1200 744 1253 consulerentque
767 1200 891 1242 rebus
917 1200 1015 1241 suis.
1052 1200 1189 1253 itaque
1215 1199 1268 1220 *³¹⁶

168 1262 250 1303 IH.
299 1261 350 1282 *³¹⁶
375 1262 418 1302 hi
442 1262 756 1303 decemviralem
781 1277 898 1304 suam
921 1268 1168 1316 potestatem
1193 1261 1244 1303 ab
1269 1262 1338 1303 illo
1359 1277 1454 1304 con-

104 1323 288 1365 stitutam
314 1323 578 1364 sustulerunt.
616 1337 696 1377 quo
717 1323 856 1364 dolore
880 1324 1074 1364 incensus
1093 1323 1183 1363 iniit
1202 1323 1372 1364 consilia
1391 1338 1455 1364 re-

103 1399 178 1440 ges
202 1384 630 1425 Lacedaemoniorum
661 1385 813 1425 tollere.
858 1385 931 1426 sed
962 1384 1181 1434 sentiebat,
1218 1384 1260 1425 id
1292 1399 1335 1425 se
1367 1385 1454 1425 sine

105 1460 183 1500 ope
208 1446 378 1487 deorum
403 1446 539 1487 faeere
563 1461 646 1486 non
669 1460 811 1500 posse,
838 1446 949 1499 quod
971 1445 1294 1486 Lacedaemonii
1318 1446 1455 1486 onmia

105 1507 158 1547 ad
189 1507 354 1548 oracula
382 1507 534 1548 referre
565 1514 821 1548 consuerant.
869 1508 1049 1562 primum
1078 1506 1330 1561 Delphicum
1367 1521 1455 1548 001-

104 1584 294 1623 rumpere
330 1577 394 1610 est
429 1576 612 1610 conatus.
663 1584 757 1610 cum
786 1570 830 1610 id
864 1584 947 1610 non
982 1569 1201 1623 potuisset,
1232 1569 1456 1610 Dodonam

105 1631 272 1672 adortus
303 1637 376 1672 est.
420 1631 515 1671 hinc
546 1645 709 1684 quoque
738 1631 927 1685 repulsus
959 1630 1078 1679 dixit,
1117 1644 1161 1671 se
1192 1636 1288 1671 vota
1318 1644 1457 1670 susce-

105 1692 236 1746 pisse,
268 1706 374 1745 quae
398 1692 489 1732 Iovi
513 1692 741 1732 Hammoni
772 1691 965 1740 solveret,
992 1691 1232 1732 existimans
1259 1705 1303 1732 se
1326 1690 1455 1730 Afros

106 1753 267 1793 facilius
287 1760 585 1807 corrupturum.
622 1753 698 1793 hac
719 1767 791 1807 spe
812 1767 906 1793 cum
929 1752 1139 1806 profectus
1155 1758 1264 1792 esset
1282 1751 1324 1791 in
1342 1750 1457 1791 Afri-

106 1828 215 1863 cam,
246 1814 421 1854 multum
453 1828 548 1854 eum
578 1814 780 1854 antistites
811 1813 923 1854 Iovis
955 1812 1202 1854 fefellerunt.
1250 1828 1345 1853 nam
1375 1827 1458 1852 non

107 1875 241 1916 solum
267 1875 472 1930 corrumpi
501 1890 583 1916 non
612 1881 851 1930 potuerunt,
884 1875 957 1916 sed
988 1874 1111 1916 etiam
1141 1874 1300 1929 legatos
1324 1874 1459 1914 Lace-

107 1937 351 1978 daemonem
386 1937 603 1986 miserunt,
641 1937 712 1990 qui
746 1937 1015 1992 Lysandrum
1051 1942 1309 1985 accusarent,
1348 1935 1459 1989 quod

107 1999 340 2040 sacerdotes
371 1998 458 2039 fani
488 2013 747 2053 corrumpere
772 2005 943 2040 conatus
969 2005 1090 2039 esset.
1133 2003 1350 2038 accusatus
1381 1997 1459 2037 hoc

107 2059 275 2101 0111111110
293 2059 557 2113 iudicumque
577 2059 789 2101 absolutus
811 2059 1035 2108 sententiis,
1053 2058 1342 2101 Orchomeniis
1362 2057 1460 2097 mis-

108 2136 178 2162 sus
222 2120 408 2162 subsidio
450 2121 610 2162 occisus
655 2127 718 2162 est
754 2136 779 2162 a
814 2120 1026 2162 Thebanis
1063 2120 1174 2174 apud
1211 2119 1457 2161 Haliartum.

106 2196 232 2235 quam
256 2197 352 2223 vere
376 2183 427 2223 (10
452 2197 501 2223 eo
520 2182 625 2223 foret
648 2182 887 2232 iudicatum,
914 2182 1042 2223 oratio
1061 2181 1211 2222 indicio
1237 2181 1326 2229 fuit,
1353 2194 1457 2233 quae
1485 2193 1497 2219 ;·

106 2249 202 2296 post
225 2254 398 2284 mortem
422 2243 464 2283 in
489 2244 611 2285 domo
637 2243 725 2285 eius
750 2251 912 2298 reperta
936 2250 1009 2292 est,
1036 2243 1078 2283 in
1103 2258 1185 2296 qua
1210 2242 1355 2283 suadet
1374 2242 1459 2281 La-

109 2304 396 2353 cedaemoniis,
423 2311 468 2344 ut
491 2305 606 2359 regia
628 2311 830 2359 potestate
857 2305 1057 2346 dissoluta
1081 2319 1132 2345 ex
1162 2303 1350 2345 omnibus
1377 2303 1461 2342 dux

109 2363 312 2418 deligatur
335 2365 387 2404 ad
412 2365 565 2405 bellum
589 2367 829 2420 gerendum,
857 2367 931 2407 sed
951 2366 1114 2420 scripta,
1140 2372 1186 2406 ut
1206 2366 1328 2405 deum
1348 2364 1461 2404 vide-

107 2432 219 2465 retur
238 2439 462 2479 congruere
483 2426 718 2474 sententiae,
745 2441 869 2479 quam
887 2427 954 2467 ille
975 2442 1018 2468 se
1037 2426 1271 2467 habiturum
1286 2425 1461 2479 pecunia

108 2486 238 2526 fidens
276 2500 358 2526 non
391 2486 615 2528 dubitabat.
658 2487 764 2527 hanc
795 2487 832 2527 ei
863 2484 1077 2541 scripsisse
1111 2487 1242 2528 Cleon
1272 2486 1461 2526 Halicar-

108 2547 249 2588 nasius
275 2547 434 2588 dicitur.
845 2552 848 2556 ’

175 2608 252 2649 IV.
295 2608 436 2662 Atque
472 2610 549 2650 1100
584 2610 675 2651 1000
711 2626 794 2651 11011
830 2617 891 2651 est
925 2610 1270 2666 praetereundum
1306 2610 1460 2650 factum

109 2669 381 2720 Pharnabazi,
410 2671 581 2726 satrapis
601 2672 723 2726 regis.
761 2687 856 2713 nam
877 2687 970 2712 011111
983 2672 1204 2726 Lysander
1228 2672 1461 2725 praefectus

1137 2737 1182 2770 2*

1471 303 1490 331 5

1474 849 1492 878 10

1481 1277 1496 1304 >a

1480 1520 1498 1548 10
