1741 3184
636 210 671 243 II
676 209 745 243 AM
751 209 912 245 ILCAR.
1395 207 1447 247 75

102 292 176 326 est.
212 284 344 338 primo
369 283 606 324 mercenarii
627 284 789 333 milites,
815 285 885 338 qui
910 286 1107 327 adversus
1121 287 1333 330 Romanos
1358 289 1448 330 fue-

99 354 208 395 rant,
246 346 523 392 desciverunt,
560 358 733 396 quorum
765 360 959 387 numerus
991 355 1077 388 erat
1100 349 1245 403 viginti
1275 351 1445 391 milium.

100 407 141 447 hi
166 414 291 448 totam
317 405 596 446 abalienarunt
623 404 822 453 Africam,
848 407 980 459 ipsam
1002 408 1293 463 Carthaginem
1319 427 1448 466 oppu-

98 474 287 523 gnarunt.
324 466 474 520 quibus
494 466 612 506 malis
633 466 735 506 adeo
756 473 850 506 sunt
869 467 1000 508 Poeni
1023 471 1236 522 perterriti,
1262 478 1307 512 ut
1325 473 1447 514 etiam

99 529 251 569 auxilia
275 527 326 568 ab
352 527 551 568 Romanis
578 527 784 581 petierint3
811 542 941 580 eaque
964 528 1243 583 impetrarunt.
1282 533 1354 572 sed
1379 549 1450 574 ex-

99 600 246 638 tremo,
289 603 383 629 cum
418 603 545 642 prope
582 589 663 629 iam
700 589 753 629 ad
788 589 1117 643 desperationem
1152 593 1447 645 pervenissent,

100 650 379 691 Hamilcarem
409 650 694 703 imperatorem
725 649 922 691 fecerunt.
964 650 1000 692 is
1030 666 1112 693 non
1145 652 1276 693 solum
1308 653 1448 695 hostes

99 727 123 752 a
153 711 282 752 muris
310 710 574 766 Carthaginis
598 711 790 760 removit,
823 726 917 753 cum
943 713 1118 767 amplius
1145 721 1308 755 centum
1338 715 1450 757 milia

99 774 208 814 facta
226 780 365 814 essent
384 779 644 822 armatorum,
671 773 745 814 sed
763 773 887 814 etiam
905 788 953 815 eo
974 775 1182 829 compulit,
1202 782 1248 816 ut
1265 776 1449 817 locorum

100 835 301 890 angustiis
328 834 457 876 clausi
476 834 613 888 plures
639 834 748 875 fame
768 850 892 888 quam
918 836 1025 877 ferro
1050 837 1272 878 interirent.
1311 839 1450 880 omnia

100 898 252 952 oppida
276 897 517 945 abalienata,
544 897 586 937 in
610 897 674 938 his
694 897 861 938 Uticam
886 906 1007 951 atque
1033 898 1284 953 Hipponem,
1310 900 1449 941 valen-

101 960 260 1000 tissima
283 958 406 999 totius
422 959 603 1008 Africae,
628 958 805 999 restituit
828 960 995 1013 patriae.
1033 975 1165 1013 neque
1191 975 1239 1001 eo
1257 961 1335 1001 fuit
1355 977 1451 1002 con-

100 1027 257 1069 tentus,
295 1020 368 1061 sed
405 1020 526 1060 etiam
561 1019 664 1059 fines
700 1020 860 1074 imperii
888 1022 1149 1076 propagavit,
1193 1028 1277 1062 tota
1306 1021 1453 1063 Africa

100 1088 259 1122 tantum
283 1080 412 1121 otium
436 1080 631 1129 reddidit,
666 1087 708 1120 ut
732 1081 890 1120 nullum
921 1081 964 1121 in
989 1084 1037 1122 ea
1067 1081 1221 1122 bellum
1245 1083 1452 1123 videretur

100 1143 238 1183 multis
263 1141 380 1182 annis
405 1141 549 1182 fuisse.

167 1203 247 1244 III.
284 1202 427 1244 Rebus
452 1203 517 1243 his
543 1217 595 1243 ex
620 1203 822 1244 sententia
857 1204 1033 1258 peractis
1064 1204 1206 1245 fidenti
1230 1205 1367 1246 animo
1392 1212 1452 1246 at-

100 1280 179 1319 que
202 1264 353 1305 infesto
378 1264 592 1314 Romanis,
619 1279 701 1317 quo
727 1264 889 1305 facilius
916 1280 1107 1306 caussam
1132 1266 1311 1307 bellandi
1335 1257 1452 1321 repe-

100 1327 213 1376 riret,
251 1325 405 1375 effecit,
444 1332 487 1366 ut
527 1326 748 1380 imperator
784 1341 877 1366 cum
914 1327 1095 1368 exercitu
1129 1328 1172 1368 in
1201 1328 1451 1382 Hispaniam

101 1388 339 1434 mitteretur,
367 1401 496 1440 eoque
517 1401 656 1427 secum
677 1387 791 1427 duxit
811 1388 940 1428 filium
953 1388 1233 1429 Hannibalem
1253 1404 1451 1430 annorum

101 1463 262 1490 novem.
301 1455 388 1488 erat
411 1454 623 1502 praeterea
647 1463 741 1489 cum
761 1463 809 1489 eo
828 1449 1067 1490 adolescens
1093 1450 1273 1499 illustris,
1300 1450 1453 1491 formo-

103 1526 192 1560 sus,
218 1509 479 1559 Hasdrubal,
511 1524 635 1563 quem
665 1510 850 1551 nonnulli
880 1511 995 1566 diligi
1020 1512 1197 1565 turpius,
1230 1526 1353 1565 quam
1377 1526 1453 1566 par

102 1579 200 1621 erat,
227 1571 278 1613 ab
304 1572 543 1613 Hamilcare
567 1572 852 1626 loquebantur.
889 1587 973 1614 non
998 1573 1106 1613 enim
1131 1574 1320 1614 maledici
1339 1580 1452 1615 tanto

101 1635 189 1675 viro
215 1634 359 1675 deesse
384 1640 584 1687 poterant.
622 1649 704 1687 quo
730 1634 885 1674 factum
911 1641 989 1683 est,
1015 1641 1061 1675 ut
1086 1650 1110 1675 a
1133 1635 1341 1689 praefecto
1365 1650 1454 1676 mo-

101 1711 193 1736 rum
217 1694 457 1737 Hasdrubal
494 1710 588 1735 cum
625 1710 673 1736 eo
710 1702 916 1736 vetaretur
951 1710 1055 1736 esse.
1104 1696 1199 1737 huic
1230 1696 1296 1736 ille
1326 1696 1453 1736 filiam

103 1772 221 1798 suam
257 1756 301 1797 in
335 1756 641 1796 matrimonium
677 1756 806 1806 dedit,
844 1757 955 1810 quod
985 1757 1167 1798 moribus
1199 1771 1340 1797 eorum
1370 1771 1453 1797 non

102 1824 261 1872 poterat
291 1817 477 1857 interdici
509 1831 650 1858 socero
682 1832 846 1872 genero.
896 1818 947 1858 de
978 1818 1056 1858 hoc
1087 1818 1178 1858 ideo
1204 1818 1453 1858 mentionem

101 1878 289 1927 fecimus,
315 1878 426 1931 quod
440 1877 678 1919 Hamilcare
703 1878 840 1919 occiso
865 1878 932 1918 ille
953 1878 1148 1919 exercitui
1172 1879 1351 1933 praefuit
1368 1893 1455 1920 res-

101 1955 180 1994 que
204 1955 377 1995 magnas
396 1939 526 1995 gessit
545 1946 584 1980 et
604 1940 794 1994 princeps
814 1940 1030 1995 largitione
1049 1946 1235 1980 vetustos
1260 1940 1455 1994 pervertit

102 2017 237 2043 mores
258 2001 663 2056 Carthaginiensium
691 2002 956 2055 eiusdemque
981 2009 1074 2056 post
1099 2008 1271 2042 mortem
1292 2001 1456 2042 Hanni-

103 2067 170 2108 bal
196 2065 248 2107 ab
274 2066 455 2107 exercitu
479 2066 638 2120 accepit
662 2065 893 2120 imperium.

171 2127 246 2168 [V.
282 2127 343 2168 At
365 2126 592 2176 Hamilcar,
618 2133 889 2181 posteaquam
913 2141 1025 2168 mare
1051 2126 1210 2168 transiit
1234 2126 1277 2166 in
1300 2125 1456 2180 Hispa-

102 2191 294 2242 niamque
319 2189 441 2238 venit,
467 2204 640 2244 magnas
665 2204 730 2229 res
758 2189 940 2230 secunda
963 2189 1094 2244 gessit
1119 2189 1300 2237 fortuna3
1327 2187 1457 2227 maxi-

104 2267 191 2291 mas
212 2251 630 2304 bellicosissimasque
651 2257 795 2306 gentes
816 2251 999 2306 subegit3
1027 2251 1156 2304 equis,
1184 2250 1320 2297 armis,
1342 2249 1453 2295 viris,

103 2312 277 2366 pecunia
307 2319 434 2353 totam
464 2312 728 2366 locupletavit
752 2311 953 2353 Africam.
997 2312 1064 2353 hic
1095 2327 1189 2352 cum
1219 2312 1261 2351 in
1291 2310 1454 2350 Italiam

104 2373 257 2414 bellum
277 2373 425 2414 inferre
445 2373 719 2422 meditaretur,
741 2388 849 2414 nono
869 2388 989 2422 anno,
1009 2380 1229 2427 postquam
1248 2372 1288 2412 in
1302 2371 1457 2425 Hispa-

104 2434 215 2475 niam
239 2441 417 2483 venerat,
443 2434 485 2474 in
509 2434 663 2488 proelio
688 2448 878 2488 pugnans
905 2435 1104 2475 adversus
1125 2433 1324 2475 Vettones
1350 2431 1458 2472 occi-

105 2510 175 2536 sus
207 2502 281 2536 est.
318 2495 440 2535 huius
471 2503 714 2550 perpetuum
745 2496 884 2536 odium
916 2510 1013 2550 erga
1036 2495 1247 2536 Romanos
1280 2493 1456 2534 maxime

104 2557 334 2598 concitasse
364 2557 524 2597 videtur
555 2557 782 2598 secundum
814 2556 967 2597 bellum
992 2556 1233 2596 Poenicum.
1277 2568 1455 2607 namque

104 2617 329 2668 Hannibal,
355 2618 462 2659 filius
489 2619 589 2667 eius,
616 2619 793 2659 assiduis
818 2611 945 2672 patris
965 2616 1306 2659 obtestationibus
1327 2630 1375 2657 eo
1394 2622 1458 2656 est

105 2680 339 2734 perductus,
367 2687 411 2721 ut
435 2680 599 2721 interire
624 2695 748 2733 quam
768 2679 976 2720 Romanos
1001 2694 1083 2721 non
1109 2678 1283 2733 experiri
1303 2677 1453 2718 mallet.

1472 304 1491 333 2

1476 975 1495 1004 5

1477 1464 1495 1493 [Ο

1479 1833 1497 1862 3

1483 2141 1495 2168 1

1481 2323 1499 2342 ·)

1482 2343 1498 2351 .ι

1482 2507 1500 2535 3
