1741 3184
636 198 965 235 FRAGMENTA.
1418 188 1469 229 97

231 542 565 588 CORNELII
593 539 890 584 NEPOTIS
920 538 1364 583 FRAGMENTA.

340 657 404 686 Ex
430 655 671 686 EPISTOLA
698 654 1028 685 GRACCHORUM
1053 654 1244 685 MATRIS.

192 769 227 810 Ι.
264 769 394 810 Dices
414 767 631 823 pulchrum
651 781 743 808 esse
768 766 955 807 inimicos
975 766 1130 807 ulcisci.
1168 766 1210 807 id
1233 779 1366 820 neque
1385 780 1473 807 ma·
1522 780 1537 809 1

122 831 187 872 ius
212 845 346 884 neque
370 829 581 885 pulchrius
608 829 800 882 cuiquam
824 834 945 882 atque
970 827 1070 868 mihi
1089 842 1181 869 esse
1199 828 1371 877 videtur,
1399 827 1473 868 sed

123 893 158 934 si
182 892 302 933 liceat
318 906 362 932 re
380 890 546 946 publiea
565 890 680 931 salva
698 905 746 931 ea
770 889 974 945 persequi.
1012 889 1085 930 sed
1104 895 1306 942 quatenus
1326 889 1367 929 id
1386 889 1474 929 fieri

122 969 203 995 non
228 960 376 1009 potest,
402 953 531 994 multo
556 960 739 1007 tempore
763 952 985 1005 multisque
1009 951 1193 1006 partibus
1224 951 1377 992 inimici
1400 966 1474 992 no-

123 1016 194 1057 stri
218 1031 301 1056 non
318 1014 510 1070 peribunt
529 1020 665 1067 atque,
691 1014 751 1054 uti
774 1028 883 1054 nunc
903 1020 1010 1062 sunt,
1038 1020 1156 1054 erunt
1173 1013 1321 1068 potius,
1349 1027 1472 1066 quam

121 1092 186 1119 res
212 1077 377 1132 publica
400 1076 641 1131 profligetur
665 1082 787 1129 atque
811 1082 964 1130 pereat.

634 1187 764 1220 Eadem
783 1188 852 1220 alio
874 1188 961 1220 loco.

188 1262 339 1304 Verbis
365 1262 573 1318 conceptis
599 1262 780 1303 deierare
810 1261 961 1310 ausim,
992 1267 1280 1316 praeterquam
1307 1259 1378 1314 qui
1403 1259 1475 1300 Ti-
1521 1271 1539 1300 2

121 1324 280 1366 berium
312 1323 549 1366 Gracchum
578 1329 792 1372 necarunt,
830 1322 1037 1363 neminem
1066 1322 1275 1362 inimicum
1314 1327 1471 1362 tantum

121 1386 334 1427 molestiae
360 1392 600 1439 tantumque
630 1385 782 1426 laboris
808 1391 1007 1438 quantum
1039 1390 1078 1424 te
1103 1383 1155 1425 ob
1181 1383 1255 1424 has
1280 1397 1346 1423 res
1372 1383 1472 1423 mihi

122 1448 358 1498 tradidisse3
385 1462 508 1501 quem
534 1447 748 1502 oportebat
772 1446 955 1487 omnium
981 1460 1142 1495 eorum,
1168 1460 1272 1499 quos
1298 1445 1471 1486 antehac

122 1509 247 1550 habui
266 1509 429 1557 liberos,
455 1515 591 1564 partes
612 1524 753 1550 eorum
775 1508 945 1549 tolerare
963 1513 1085 1561 atque
1105 1521 1259 1556 curare,
1285 1513 1331 1547 ut
1349 1521 1472 1560 quam

121 1571 337 1612 minimum
363 1571 646 1612 sollicitudinis
672 1571 715 1611 in
741 1576 905 1611 senecta
928 1569 1135 1618 haberem,
1162 1569 1315 1622 utique,
1348 1583 1473 1621 quae-

122 1647 298 1687 cumque
323 1648 481 1688 ageres,
508 1648 557 1674 ea
581 1633 707 1673 velles
733 1632 911 1673 maxime
936 1631 1035 1672 mihi
1061 1631 1239 1685 plaeere,
1267 1636 1388 1683 atque
1416 1629 1473 1670 uti

120 1695 238 1736 nefas
264 1695 437 1736 haberes
456 1710 593 1735 rerum
611 1695 811 1735 maiorum
830 1694 1050 1734 adversum
1071 1707 1205 1732 meam
1230 1691 1472 1732 sententiam

121 1756 347 1810 quidquam
377 1757 532 1806 facere,
563 1756 804 1811 praesertim
835 1755 953 1804 mihi,
990 1754 1056 1795 eui
1086 1769 1214 1808 parva
1242 1768 1337 1807 pars
1363 1753 1471 1793 vitae

121 1824 320 1871 superest.
357 1832 407 1858 ne
432 1818 474 1858 id
492 1818 657 1871 quidem
678 1824 760 1858 tam
774 1817 897 1858 breve
917 1816 1094 1870 spatium
1112 1820 1249 1869 potest
1267 1812 1470 1868 opitulari,
1520 1829 1539 1858 3

120 1879 219 1933 quin
239 1886 279 1920 et
297 1879 397 1920 mihi
421 1880 638 1921 adversere
658 1886 697 1920 et
722 1894 806 1920 rem
825 1878 1032 1933 publicam
1053 1876 1270 1932 profliges?
1295 1875 1472 1928 denique

120 1955 226 1995 quae
250 1955 382 1996 pausa
405 1941 504 1982 erit?
529 1942 741 1995 ecquando
761 1940 920 1981 desinet
939 1939 1094 1980 familia
1111 1945 1251 1979 nostra
1269 1937 1473 1978 insanire?

121 2003 334 2056 ecquando
365 2003 511 2044 modus
544 2004 580 2044 ei
605 2004 662 2044 rei
693 2002 834 2044 haberi
864 2001 1036 2057 poterit?
1066 2000 1280 2054 ecquando
1311 1999 1473 2039 desine-

121 2079 213 2104 mus
227 2070 267 2105 et
279 2064 478 2106 habentes
492 2072 532 2105 et
543 2065 787 2120 praebentes
802 2064 1000 2105 molestiis
1015 2061 1239 2103 desistere?
1257 2061 1471 2114 ecquando

119 2126 393 2180 perpudescet
422 2127 634 2168 miscenda
663 2133 785 2180 atque
809 2124 1087 2181 perturbanda
1109 2139 1152 2165 re
1178 2122 1366 2178 publica?
1397 2122 1470 2163 scd
1518 2136 1536 2164 4

121 2186 156 2227 si
181 2188 346 2229 omnino
372 2188 413 2228 id
438 2189 525 2229 fieri
549 2204 631 2230 non
655 2194 809 2243 potest,
842 2187 912 2228 ubi
938 2202 1015 2242 ego
1041 2192 1201 2227 mortua
1226 2199 1312 2233 ero,
1344 2184 1470 2238 petito

120 2249 391 2300 tribunatum3
423 2265 496 2304 per
525 2265 592 2291 me
616 2250 759 2299 facito,
792 2249 903 2303 quod
927 2248 1102 2297 lubebit‚
1133 2262 1261 2301 quum
1287 2260 1364 2301 ego
1389 2260 1469 2286 non

121 2311 306 2351 sentiam.
333 2311 403 2352 ubi
422 2318 582 2352 mortua
595 2326 676 2360 ero,
696 2311 931 2366 parentabis
951 2311 1050 2350 mihi
1064 2316 1103 2350 et
1122 2307 1333 2349 invocabis
1348 2307 1469 2347 deum

119 2378 342 2425 parentem.
379 2372 422 2413 in
439 2387 487 2413 eo
506 2379 688 2427 tempore
713 2387 796 2413 non
813 2372 940 2426 pudet
960 2378 998 2412 te
1018 2386 1159 2412 eorum
1179 2370 1300 2410 deum
1325 2382 1468 2423 preces

120 2439 329 2487 expetere,
363 2448 466 2487 quos
492 2434 608 2474 vivos
641 2440 763 2486 atque
788 2439 1025 2486 praesentes
1057 2432 1220 2472 relictos
1252 2437 1374 2483 atque
1399 2429 1469 2469 de-

121 2502 250 2535 sertos
276 2494 482 2536 habueris.
520 2510 570 2535 ne
590 2494 657 2535 ille
679 2495 765 2534 sirit
785 2494 969 2548 luppiter
989 2500 1027 2533 te
1047 2508 1095 2533 ea
1113 2506 1374 2547 perseverare
1393 2505 1469 2531 nec

119 2555 193 2596 tibi
218 2563 372 2597 tantam
392 2557 639 2597 dementiam
658 2556 796 2596 venire
815 2556 857 2596 in
876 2555 1070 2595 animum.
1103 2560 1143 2594 et
1162 2554 1196 2594 si
1215 2567 1468 2608 perseveras,

119 2632 273 2668 vereor,
299 2633 349 2659 ne
374 2619 416 2659 in
441 2634 603 2660 omnem
623 2619 749 2658 vitam
775 2623 932 2658 tantum
957 2616 1108 2657 laboris
1128 2615 1249 2669 eulpa
1274 2622 1344 2656 tua
1367 2614 1469 2655 reci-

118 2679 220 2734 pias,
249 2681 306 2721 uti
331 2681 372 2721 in
397 2681 508 2722 nullo
534 2687 716 2735 tempore
742 2686 827 2720 tute
853 2678 925 2720 tibi
950 2678 1111 2733 plaeere
1136 2678 1285 2732 possis.

188 2747 335 2773 Cornelius
351 2747 452 2781 Nepos.
1168 2743 1186 2776 7
