1741 3184
653 231 904 267 DATAMES.
1394 224 1448 265 47

111 318 218 352 1111110
244 309 360 358 sacit3
384 306 492 361 regis
518 305 748 359 provincias
774 312 907 355 vexat,
935 306 1100 348 castella
1119 313 1338 362 expugnat,
1365 323 1451 349 ma-

110 387 213 427 gnas
239 370 410 425 praedas
436 367 556 420 capit,
583 380 756 419 quarum
779 373 936 420 partem
962 368 1047 407 suis
1072 369 1268 422 dispertit,
1294 376 1450 424 partem

111 434 162 474 ad
181 433 388 473 Datamen
413 428 545 468 mittit.
582 427 670 481 pari
689 428 810 467 modo
837 428 1047 481 complura
1065 431 1231 471 castella
1255 431 1291 472 ei
1316 431 1448 472 tradit.

110 494 211 534 haee
235 492 303 532 diu
330 489 518 530 faciendo
543 489 747 542 persuasit
771 488 935 536 homini,
964 504 1007 529 se
1033 488 1232 531 infinitum
1253 493 1448 533 adversus
1476 510 1483 535 ;

109 568 247 608 regem
273 550 505 604 suscepisse
530 549 694 597 bellum,
721 563 814 589 cum
838 549 964 590 nihilo
989 551 1133 604 magis,
1159 566 1210 592 ne
1235 567 1357 605 quam
1383 569 1450 594 su-

110 614 335 668 spicionem
354 612 410 651 illi
429 610 642 665 praeberet
660 610 917 659 insidiarum,
943 625 1075 664 neque
1096 612 1343 666 colloquium
1363 615 1448 655 cius

108 674 251 728 petivit
285 687 417 726 neque
451 673 494 712 in
529 679 794 726 conspectum
828 671 967 712 venire
999 673 1165 714 studuit.
1213 675 1271 715 sie
1302 675 1449 716 absens

109 736 329 777 amicitiam
353 733 534 789 gerebat,
561 740 605 774 ut
629 748 710 774 non
735 733 942 775 benefieiis
963 736 1128 785 mutuis,
1156 737 1227 777 sed
1247 739 1451 778 communi

109 797 214 845 odio,
241 796 351 849 quod
376 810 473 850 erga
497 810 636 850 regem
662 802 938 849 susceperant,
965 797 1161 838 contineri
1185 800 1428 841 viderentur.

176 858 258 898 XI.
296 857 345 897 Id
371 868 463 897 eum
489 857 587 897 satis
614 871 657 897 se
683 857 946 898 confirmasse
972 858 1188 900 arbitratus
1209 867 1282 909 est,
1310 862 1452 902 certio--

111 934 194 959 rem
220 919 316 959 facit
333 918 553 967 Datamen,
587 924 747 972 tempus
774 933 864 959 esse
894 920 1069 960 maiores
1095 922 1294 962 exercitus
1321 923 1453 975 parari

111 988 149 1019 ct
175 979 326 1020 bellum
352 994 445 1019 cum
475 980 565 1033 ipso
590 994 686 1034 rege
712 980 883 1033 suscipi,
910 980 1041 1033 deque
1067 996 1115 1021 ea
1138 997 1193 1031 re,
1221 982 1255 1023 si
1281 983 1317 1022 01
1342 983 1454 1023 vidc-

111 1047 237 1089 retur,
269 1055 349 1093 quo
374 1041 464 1080 loco
490 1041 628 1089 vellet,
660 1041 702 1079 in
727 1041 975 1093 colloquium
1005 1042 1172 1082 veniret.
1215 1043 1386 1096 probata
1410 1060 1452 1084 re

110 1103 365 1155 colloquendi
397 1108 557 1155 tempus
590 1102 763 1142 sumitur
792 1102 1006 1154 locusque,
1044 1117 1125 1156 quo
1157 1105 1451 1145 conveniretur.

108 1165 188 1204 hue
201 1164 461 1204 Mithridates
487 1178 581 1204 011111
605 1178 698 1212 11110,
726 1164 790 1203 0111
810 1164 986 1204 maxime
1006 1164 1183 1206 habebat
1200 1166 1340 1215 fidem,
1361 1174 1452 1207 ante
1479 1180 1496 1196 ‘²

109 1226 262 1278 aliquot
287 1225 373 1265 dies
403 1225 510 1265 venit
541 1225 901 1278 compluribusque
926 1226 1025 1267 loeis
1052 1228 1269 1281 separatim
1294 1228 1452 1282 gladios

109 1286 244 1327 obruit
274 1300 402 1339 eaque
438 1286 529 1326 loca
559 1286 775 1341 diligenter
804 1293 928 1327 notat.
976 1287 1066 1342 ipso
1098 1296 1233 1328 autem
1265 1289 1454 1342 colloquii

109 1348 173 1388 die
198 1348 371 1400 utrique,
397 1347 532 1388 locum
558 1347 629 1400 qui
654 1348 911 1402 explorarent
942 1356 1062 1401 atque
1088 1350 1199 1403 ipsos
1226 1358 1453 1391 scrutaren-

110 1416 185 1458 tur,
211 1409 393 1458 mittunt;
421 1409 566 1449 deinde
586 1409 665 1462 ipsi
684 1416 778 1449 sunt
797 1410 1019 1464 congressi.
1058 1410 1124 1450 1110
1144 1426 1236 1451 011111
1256 1412 1453 1464 aliquam-

110 1471 179 1510 diu
203 1470 244 1510 in
275 1470 476 1523 colloquio
501 1470 676 1510 fuissent
701 1477 740 1510 et
770 1471 930 1511 diverse
955 1472 1258 1521 discessissent,
1291 1473 1453 1526 iamque

110 1531 250 1586 procul
275 1531 476 1571 Datames
503 1531 684 1580 abesset,
711 1532 985 1581 Mithridates,
1012 1533 1249 1587 priusquam
1274 1535 1327 1575 ad
1358 1550 1452 1575 suos

109 1593 348 1647 perveniret,
375 1608 425 1633 ne
444 1608 567 1645 quam
588 1594 861 1647 suspicionem
881 1601 1051 1648 pareret,
1072 1595 1112 1634 in
1127 1596 1299 1636 eundem
1318 1596 1454 1636 locum

109 1655 322 1694 revertitur
347 1661 466 1707 atque
491 1655 559 1703 ibi,
589 1655 658 1696 ubi
682 1656 807 1696 telum
833 1662 918 1696 crat
942 1656 1190 1710 impositum,
1216 1658 1383 1706 resedit,
1410 1663 1454 1697 ut

111 1717 144 1756 si
169 1716 407 1756 lassitudine
433 1723 598 1770 cuperet
624 1718 894 1770 acquiescere,
920 1717 1208 1771 Datamenque
1234 1720 1452 1768 revocavit,

111 1777 306 1818 simulans
339 1792 382 1817 se
413 1778 608 1830 quiddam
639 1778 681 1818 in
712 1779 912 1831 colloquio
944 1794 1034 1819 esse
1065 1779 1248 1820 oblitum.
1293 1780 1454 1820 interim
1479 1807 1483 1811 -

109 1838 252 1887 telum,
290 1839 400 1891 quod
434 1839 604 1887 latebat,
641 1840 807 1893 protulit
847 1840 1126 1893 nudatumque
1163 1841 1312 1895 vagina
1341 1848 1453 1882 veste

109 1900 208 1939 texit
233 1914 280 1940 ae
304 1899 475 1940 Datami
499 1901 676 1941 venienti
702 1902 774 1950 ait,
808 1902 1104 1956 digredientem
1131 1917 1174 1942 se
1200 1903 1454 1943 animadver-

109 1962 207 2002 tisse
238 1961 373 2001 locum
405 1963 627 2015 quendam,
666 1964 736 2016 qui
773 1970 858 2004 erat
888 1965 929 2004 in
955 1972 1195 2018 conspectu,
1234 1965 1284 2005 ad
1322 1972 1454 2006 castra

108 2023 297 2076 ponenda
322 2038 412 2063 esse
436 2024 642 2064 idoneum.
680 2039 802 2077 quem
828 2040 921 2065 cum
947 2025 1074 2079 digito
1095 2026 1390 2066 demonstraret
1415 2032 1454 2066 01
1482 2036 1496 2051 ⁵

109 2084 175 2124 ille
211 2085 440 2138 respiceret,
479 2101 669 2127 aversum
705 2086 812 2127 ferro
848 2087 1050 2127 transfixit
1086 2088 1293 2141 priusque,
1331 2102 1454 2141 quam

109 2145 325 2198 quisquam
361 2153 502 2200 posset
533 2162 786 2196 succurrere,
825 2148 1038 2188 interfecit.
1086 2149 1142 2189 ita
1177 2149 1243 2189 ille
1274 2148 1346 2198 vir,
1384 2149 1454 2202 qui

108 2206 257 2247 multos
289 2207 475 2257 consilio,
507 2209 711 2250 neminem
742 2209 913 2263 perfidia
949 2217 1131 2264 ceperat,
1165 2210 1354 2251 simulata
1389 2225 1455 2251 ca-

109 2274 202 2321 ptus
228 2276 290 2310 est
314 2270 503 2311 amicitia.

445 2403 546 2444 XV.
595 2404 1115 2449 EPAMINONDAS.

177 2514 209 2554 Ι.
252 2513 581 2568 Epaminondas,
614 2515 805 2569 Polymni
841 2516 966 2567 filius,
1005 2517 1240 2558 Thebanus.
1290 2518 1340 2559 de
1376 2517 1452 2559 1100

110 2576 347 2630 priusquam
375 2576 614 2626 scribamus,
646 2577 748 2617 haee
772 2578 1059 2634 praecipienda
1085 2579 1271 2619 videntur
1295 2579 1453 2620 lectori-

109 2637 205 2685 bus,
243 2652 293 2677 ne
324 2637 477 2678 alienos
515 2653 647 2679 mores
674 2639 725 2678 ad
751 2654 847 2679 suos
878 2639 1073 2688 referant,
1111 2655 1214 2680 neve
1245 2655 1310 2689 ea,
1349 2656 1452 2694 quae

111 2699 208 2752 ipsis
234 2699 387 2739 leviora
412 2706 516 2748 sunt,
543 2700 629 2753 pari
656 2701 777 2740 modo
797 2701 905 2754 apud
925 2708 1080 2742 ceteros
1101 2701 1230 2742 fuisse
1256 2702 1452 2743 arbitren-
