1788 3200
243 464 257 491 1

240 768 259 797 Ν)

239 953 258 982 02

240 1505 258 1534 10

289 183 340 224 76
718 186 960 222 CORNELII
984 185 1203 224 NEPOTIS

658 346 838 388 XXIII.
886 346 1264 388 HANNIBAL.

352 448 387 489 Ι.
412 447 638 497 Hannibal,
654 447 904 488 Hamilcaris
918 447 1040 497 filius,
1053 446 1423 503 Carthaginiensis.
1446 448 1482 489 si
1495 463 1639 490 verum

285 516 359 560 est,
385 510 497 564 quod
521 524 642 550 nemo
667 509 838 559 dubitat,
864 515 910 550 ut
933 509 1110 564 populus
1129 509 1345 551 Romanus
1371 525 1514 551 omnes
1538 525 1640 565 gen-

285 578 346 612 tes
382 571 532 612 virtute
568 570 788 625 superarit,
825 586 909 611 non
944 577 1007 611 est
1041 570 1321 620 infitiandum,
1358 571 1637 613 Hannibalem

284 638 398 674 tanto
433 631 689 688 praestitisse
720 638 877 672 0616105
909 631 1177 685 imperatores
1213 632 1447 686 prudentia,
1485 639 1638 686 quanto

284 693 461 748 populus
487 693 701 734 Romanus
733 692 949 732 antecedat
978 691 1217 733 fortitudine
1242 699 1411 734 cunctas
1436 694 1636 735 nationes.

285 769 381 795 nam
406 754 746 807 quotiescumque
771 767 865 794 cum
885 767 933 793 eo
953 767 1201 807 congressus
1227 760 1290 794 est
1313 753 1355 794 in
1372 753 1505 803 Italia,
1533 769 1640 796 sem-

283 815 572 871 perdiscessit
597 815 795 870 superior.
832 815 944 868 quod
967 815 1048 856 nisi
1072 815 1184 856 domi
1209 815 1360 856 civium
1386 830 1554 857 suorum
1578 816 1640 856 in·-

283 877 395 918 vidia
414 876 651 918 debilitatus
672 883 794 925 esset,
815 875 1026 917 Romanos
1045 876 1209 917 videtur
1227 891 1421 931 superare
1439 877 1637 932 potuisse.

285 939 359 980 sed
383 938 606 979 multorum
631 937 874 979 obtrectatio
905 937 1056 978 devicit
1085 938 1208 979 unius
1233 938 1438 980 virtutem.
1475 938 1543 980 1116
1568 954 1640 980 1111-

284 1007 368 1041 tem
391 1000 505 1041 velut
527 999 753 1041 hereditate
772 999 960 1040 relictum
980 999 1121 1041 odium
1138 1006 1356 1054 paternum
1375 1015 1475 1055 erga
1486 1000 1641 1042 Roma-

283 1077 359 1103 nos
386 1062 446 1103 sic
471 1062 743 1111 conservavit,
771 1068 817 1102 ut
839 1061 954 1116 prius
980 1062 1160 1103 animam
1179 1076 1305 1116 quam
1329 1063 1371 1103 id
1390 1062 1638 1117 deposuerit,

284 1123 355 1177 qui
380 1123 567 1178 quidem,
599 1138 694 1165 cum
723 1123 857 1178 patria
885 1123 1031 1178 pulsus
1057 1129 1167 1165 esset
1192 1130 1232 1164 et
1262 1124 1489 1165 alienarum
1514 1139 1640 1179 opum

283 1185 497 1240 indigeret,
517 1200 743 1239 numquam
763 1185 964 1225 destiterit
982 1185 1119 1227 animo
1138 1184 1291 1226 bellare
1316 1200 1411 1226 cum
1424 1185 1637 1227 Romanis.

350 1247 408 1288 II.
444 1246 554 1288 Nam
584 1254 629 1288 ut
653 1247 839 1288 omittam
863 1246 1123 1301 Philippum,
1150 1262 1274 1301 quem
1299 1246 1451 1288 absens
1476 1247 1639 1288 hostem

282 1308 461 1349 reddidit
489 1308 708 1357 Romanis,
741 1308 924 1349 omnium
954 1308 1018 1348 his
1049 1308 1303 1363 temporibus
1328 1309 1638 1363 potentissimus

282 1383 356 1410 rex
369 1368 604 1410 Antiochus
629 1369 719 1410 fuit.
745 1369 855 1410 hunc
874 1374 986 1410 tanta
1006 1369 1229 1424 cupiditate
1248 1369 1428 1410 incendit
1445 1369 1638 1419 bellandi,

282 1437 328 1471 ut
357 1445 490 1485 usque
520 1446 545 1472 a
567 1430 691 1472 rubro
722 1430 825 1471 mari
857 1446 972 1471 arma
1002 1438 1173 1472 conatus
1211 1431 1264 1472 sit
1300 1431 1450 1472 inferre
1480 1431 1638 1472 Italiae.

284 1492 337 1533 ad
360 1506 484 1546 quem
509 1507 603 1533 cum
627 1492 754 1547 legati
773 1492 984 1533 venissent
996 1492 1188 1542 Romani,
1215 1493 1286 1546 qui
1310 1493 1362 1533 de
1387 1493 1475 1533 eius
1495 1493 1640 1533 volun-

283 1561 364 1595 tate
397 1554 657 1609 explorarent
686 1555 912 1608 darentque
944 1569 1112 1609 operam
1143 1554 1326 1596 consiliis
1358 1554 1637 1603 clandestinis,

283 1623 327 1657 ut
351 1616 632 1658 Hannibalem
656 1616 697 1657 in
724 1616 1002 1671 suspicionem
1026 1616 1115 1672 regi
1140 1617 1402 1666 adducerent,
1428 1622 1640 1669 tamquam

283 1679 334 1720 ab
359 1679 461 1733 ipsis
487 1685 724 1733 corruptum
749 1678 829 1719 alia
853 1684 975 1732 atque
1001 1685 1121 1719 antea
1146 1679 1309 1728 sentire,
1335 1693 1469 1732 neque
1494 1678 1536 1719 id
1555 1677 1641 1718 fru-

284 1746 367 1781 stra
391 1740 599 1789 fecissent,
626 1740 750 1794 idque
775 1740 989 1781 Hannibal
1015 1740 1283 1795 comperisset
1309 1754 1435 1794 seque
1460 1739 1512 1781 ab
1537 1739 1640 1780 inte-

281 1801 457 1843 rioribus
483 1801 664 1842 consiliis
691 1801 900 1856 segregari
925 1801 1114 1843 vidisset:
1141 1808 1323 1856 tempore
1349 1802 1445 1843 dato
1470 1801 1569 1842 adiit
1587 1801 1639 1841 ad

281 1878 436 1918 regem,
469 1863 587 1916 eique
612 1877 707 1904 cum
731 1863 861 1904 multa
885 1863 936 1903 de
966 1863 1046 1904 fide
1073 1878 1148 1904 sua
1173 1870 1212 1904 et
1236 1864 1330 1904 odio
1359 1863 1403 1903 in
1427 1863 1637 1904 Romanos

283 1931 659 1974 commemorasset,
686 1924 764 1966 hoc
778 1924 982 1965 adiunxit:
1011 1924 1162 1975 „Pater
1174 1927 1333 1973 meus‚“
1354 1924 1498 1977 inquit,
1523 1922 1640 1973 „Ha-

281 1986 425 2027 milcar
464 1986 637 2040 puerulo
674 2001 758 2035 me,
802 1992 944 2041 utpote
980 2001 1062 2027 non
1097 1986 1274 2041 amplius
1321 2000 1470 2027 novem
1507 2000 1637 2026 annos

282 2054 391 2097 nato,
418 2047 460 2088 in
481 2048 732 2102 Hispaniam
750 2049 973 2103 imperator
990 2047 1255 2102 proficiscens
1278 2046 1530 2103 Carthagine
1549 2047 1639 2088 Iovi

284 2110 439 2164 optimo
470 2110 651 2151 maximo
681 2109 836 2151 hostias
867 2110 1106 2151 immolavit.
1150 2124 1256 2163 quac
1281 2109 1420 2150 divina
1448 2124 1514 2150 res
1540 2109 1638 2149 dum

282 2170 592 2220 conficiebatur,
631 2171 835 2225 quaesivit
867 2187 891 2212 a
920 2186 1004 2221 me,
1036 2171 1239 2212 vellemne
1266 2186 1406 2213 secum
1438 2170 1480 2211 in
1505 2176 1639 2211 castra

280 2232 497 2287 proficisci.
533 2232 576 2273 id
601 2247 695 2274 611111
720 2233 894 2274 libenter
917 2233 1171 2287 accepissem
1197 2239 1319 2286 atque
1345 2232 1397 2274 ab
1427 2247 1475 2273 eo
1499 2239 1638 2286 petere

282 2294 525 2349 coepissem,
550 2309 602 2336 ne
628 2294 833 2336 dubitaret
857 2295 1026 2343 ducere,
1060 2301 1147 2335 tum
1173 2294 1240 2335 ille
1266 2294 1468 2344 ,Faciam,
1494 2293 1637 2347 inquit,

282 2356 317 2397 si
342 2356 442 2397 mihi
465 2356 603 2407 fidem,
629 2371 752 2411 quam
777 2357 955 2412 postulo,
982 2357 1173 2397 dederis!
1211 2356 1333 2398 simul
1357 2371 1423 2397 1110
1449 2356 1501 2397 ad
1526 2371 1638 2397 aram

281 2418 464 2468 adduxit,
491 2419 601 2473 apud
626 2433 751 2472 quam
776 2418 1005 2460 sacrificare
1030 2419 1273 2468 instituerat,
1301 2433 1474 2472 eamque
1494 2418 1638 2459 ceteris

280 2479 445 2520 remotis
478 2486 682 2521 tenentem
712 2481 846 2521 iurare
876 2480 1014 2529 iussit,
1046 2495 1274 2534 numquam
1304 2494 1370 2520 me
1394 2479 1437 2520 in
1461 2479 1640 2520 amicitia

281 2556 373 2581 cum
388 2541 587 2582 Romanis
614 2542 713 2584 fore.
750 2542 793 2583 id
813 2557 890 2597 ego
910 2542 1196 2583 iusiurandum
1220 2542 1326 2597 patri
1345 2542 1486 2582 datum
1506 2555 1637 2594 usquc

281 2602 333 2642 ad
363 2602 469 2644 hanc
499 2610 675 2645 aetatem
705 2604 763 2645 ita
793 2604 1052 2653 conservavi,
1092 2611 1136 2644 ut
1166 2604 1319 2645 nemini
1349 2603 1521 2644 dubium
1546 2616 1636 2642 esse

281 2663 445 2714 debeat,
482 2665 581 2718 quin
617 2666 774 2719 reliquo
799 2672 983 2721 tempore
1009 2666 1153 2707 eadem
1184 2672 1319 2707 mente
1351 2665 1428 2706 sim
1459 2664 1633 2704 futurus.
