1788 3200
323 206 376 247 10
761 209 1004 245 CORNELII
1022 209 1235 246 NEPOTIS

320 289 455 329 minus
486 286 574 327 fieri
611 299 787 339 eumque
817 285 860 325 in
884 299 934 325 ea
961 299 1005 326 re
1036 285 1173 326 conari
1202 285 1363 335 fallere,
1394 285 1557 326 interim
1580 286 1672 326 reli-

275 366 293 394 2
320 350 390 402 qui
424 347 550 402 legati
587 355 683 388 sunt
717 346 938 388 consecuti.
987 361 1012 387 a
1041 347 1191 400 quibus
1223 362 1316 388 cum
1352 347 1555 396 audisset,
1590 361 1674 387 non

319 410 493 451 multum
519 422 735 463 superesse
759 407 1011 457 munitionis,
1042 408 1095 448 ad
1119 407 1295 463 ephoros
1319 408 1673 449 Lacedaemonio-

317 487 408 513 rum
433 470 625 520 accessit,
656 484 782 524 penes
808 483 912 523 quos
939 484 1146 510 summum
1171 476 1257 510 erat
1280 470 1518 524 imperium,
1549 475 1673 522 atque

317 533 429 588 apud
458 547 529 573 eos
555 531 781 581 contendit,
818 531 925 572 falsa
953 531 1003 572 iis
1035 545 1127 572 esse
1152 531 1306 572 delata:
1342 546 1469 585 quare
1494 545 1673 584 aequum

317 609 427 644 esse,
464 594 556 635 illos
592 593 702 635 viros
733 592 864 634 bonos
900 591 1142 645 nobilesque
1177 593 1356 643 mittere,
1394 592 1545 646 quibus
1569 592 1672 633 fides

317 656 554 705 haberetur,
587 655 657 709 qui
686 669 773 695 rem
804 654 1082 708 explorarent3
1118 654 1274 696 interea
1299 670 1343 696 se
1368 655 1556 696 obsidem
1578 655 1674 695 reti-

274 733 292 761 3
316 725 471 759 nerent.
520 723 663 772 gestus
695 723 757 757 est
781 715 819 756 ei
848 730 958 765 mos,
990 722 1155 769 tresque
1184 716 1311 770 legati
1340 716 1471 757 functi
1502 716 1673 757 summis

316 779 540 821 honoribus
576 778 768 819 Athenas
804 777 922 817 missi
958 784 1066 817 sunt.
1115 791 1210 818 cum
1245 778 1310 818 his
1353 778 1533 833 collegas
1576 792 1672 818 suos

317 839 619 881 Themistocles
639 839 758 879 iussit
776 838 994 892 proficisci,
1020 838 1167 891 hisque
1185 838 1401 893 praedixit,
1427 846 1473 878 ut
1490 852 1542 879 ne
1560 838 1673 892 prius

316 900 742 943 Lacedaemoniorum
765 899 924 954 legatos
949 899 1198 940 dimitterent
1216 913 1341 952 quam
1365 900 1454 954 ipse
1479 905 1590 941 esset
1612 913 1676 939 1-0-

271 980 289 1007 4
315 964 481 1004 missus.
529 962 606 1004 hos
635 968 857 1017 postquam
880 960 1070 1002 Athenas
1100 961 1339 1015 pervenisse
1369 967 1482 1002 ratus
1508 966 1589 1010 est,
1621 960 1673 1000 ad

316 1025 603 1080 magistratum
629 1031 899 1076 senatumque
922 1022 1351 1064 Lacedaemoniorum
1376 1022 1476 1063 adiit
1500 1028 1540 1062 et
1564 1022 1674 1076 apud

316 1102 387 1127 eos
406 1085 612 1127 liberrime
632 1084 845 1140 professus
860 1091 934 1133 est,
960 1082 1241 1125 Athenienses
1262 1099 1338 1125 suo
1358 1084 1542 1133 consilio,
1563 1083 1675 1136 quod

317 1148 525 1189 communi
554 1148 642 1188 iure
670 1146 856 1201 gentium
888 1146 1024 1187 facere
1053 1152 1241 1200 possent,
1280 1146 1462 1198 deosque
1485 1144 1673 1200 publicos

261 1215 271 1224 ⁴
318 1224 497 1262 suosque
522 1208 675 1263 patrios
701 1222 749 1249 ac
772 1214 961 1262 penates,
993 1222 1075 1261 quo
1100 1207 1261 1248 facilius
1287 1207 1339 1248 ab
1364 1207 1482 1248 hoste
1505 1213 1675 1261 possent

317 1271 554 1319 defendere,
586 1270 713 1310 muris
745 1269 950 1323 saepsisse
980 1284 1113 1322 neque
1144 1269 1187 1309 in
1211 1283 1279 1318 eo,
1310 1269 1420 1322 quod
1445 1267 1587 1308 inutile
1612 1282 1677 1307 es-

273 1350 292 1377 5
318 1340 380 1374 set
401 1331 613 1380 Graeciae,
640 1331 802 1372 fecisse.
840 1346 936 1371 nam
961 1331 1124 1371 illorum
1148 1330 1292 1371 urbem
1318 1338 1363 1370 ut
1387 1343 1676 1384 propugnacu-

318 1396 402 1436 lum
428 1394 664 1449 oppositum
694 1407 785 1434 esse
811 1392 1010 1441 barbaris,
1038 1392 1149 1446 apud
1173 1407 1298 1445 quam
1322 1392 1405 1431 iam
1430 1391 1493 1432 bis
1519 1391 1673 1431 classes

275 1474 292 1502 6
317 1458 452 1511 regias
478 1456 627 1496 fecisse
652 1454 927 1509 naufragium.
964 1454 1321 1494 Lacedaemonios
1348 1459 1485 1494 autem
1509 1452 1616 1493 male
1636 1459 1676 1493 et

317 1520 467 1559 iniuste
498 1518 652 1566 facere,
690 1517 761 1569 qui
789 1517 832 1556 id
865 1516 1003 1570 potius
1034 1516 1306 1564 intuerentur,
1345 1515 1457 1568 quod
1491 1515 1675 1569 ipsorum

317 1579 604 1627 dominationi,
642 1594 767 1631 quam
798 1578 908 1631 quod
938 1578 1155 1618 universae
1187 1575 1387 1619 Graeciae
1416 1576 1515 1617 utile
1552 1582 1673 1617 esset.

317 1657 457 1696 quare,
485 1642 519 1682 si
545 1657 641 1682 suos
666 1641 826 1695 legatos
852 1640 1036 1694 recipere
1061 1640 1231 1689 vellent,
1257 1654 1361 1692 quos
1386 1638 1575 1679 Athenas
1600 1637 1677 1677 mi-

319 1710 474 1753 serant,
513 1718 557 1744 se
591 1702 862 1751 remitterent3
900 1702 1016 1742 aliter
1051 1702 1142 1743 illos
1173 1716 1400 1755 numquam
1429 1701 1472 1741 in
1501 1700 1675 1755 patriam

319 1773 457 1808 essent
480 1765 695 1819 recepturi.

278 1846 290 1872 1
386 1827 509 1868 VIII.
547 1826 707 1867 Tamen
719 1841 802 1866 non
816 1825 962 1880 effugit
976 1826 1126 1866 civium
1141 1840 1309 1866 suorum
1322 1825 1530 1866 invidiam.
1562 1839 1678 1864 nam—

319 1904 399 1944 que
429 1889 482 1930 ob
514 1889 690 1930 eundem
721 1888 927 1936 timorem,
965 1902 1047 1940 quo
1078 1888 1296 1929 damnatus
1334 1893 1421 1928 erat
1448 1886 1676 1934 Miltiades,

320 1951 562 1993 testularum
593 1949 801 2004 suffragiis
833 1963 854 1989 0
886 1949 1049 1989 civitate
1088 1949 1241 1990 eiectus
1274 1948 1415 2003 Argos
1446 1947 1676 1989 habitatum

275 2032 293 2058 2
320 2013 535 2055 concessit.
583 2012 651 2053 hic
687 2026 782 2052 cum
818 2016 984 2065 propter
1019 2010 1168 2052 multas
1201 2011 1288 2051 eius
1320 2010 1490 2051 virtutes
1526 2024 1679 2063 magna

319 2091 413 2117 cum
438 2074 637 2131 dignitate
661 2074 830 2122 viveret,
855 2072 1180 2113 Lacedaemonii
1203 2072 1363 2127 legatos
1388 2070 1577 2112 Athenas
1603 2071 1679 2110 1111-

320 2143 478 2186 serunt,
516 2136 587 2190 qui
618 2150 713 2176 eum
744 2134 958 2175 absentem
995 2141 1254 2183 accusarent,
1292 2134 1403 2187 quod
1441 2133 1677 2173 societatem

275 2216 293 2241 ;·,
319 2214 413 2240 011111
437 2213 535 2254 rege
560 2197 689 2238 Perse
720 2197 773 2237 ad
799 2194 1017 2237 Graeciam
1042 2196 1351 2250 opprimendam
1383 2194 1563 2235 fecisset.
1600 2193 1679 2233 1100

320 2261 489 2302 crimine
519 2259 669 2301 absens
699 2258 940 2313 proditionis
973 2258 1192 2298 damnatus
1224 2264 1298 2298 est.
1347 2257 1390 2297 id
1425 2262 1472 2296 ut
1508 2255 1676 2301 audivit,

320 2324 432 2376 quod
456 2338 540 2364 non
566 2321 665 2363 satis
692 2327 825 2362 tutum
857 2334 901 2361 sc
925 2319 1055 2375 Argis
1081 2319 1265 2368 videbat,
1293 2318 1521 2372 Corcyram
1551 2316 1679 2357 demi-

320 2385 467 2439 gravit.
503 2384 561 2425 ibi
586 2398 680 2424 cum
705 2383 792 2423 eius
818 2382 1024 2436 principes
1050 2381 1410 2422 animadvertisset
1435 2380 1596 2427 timere,
1627 2394 1678 2418 nc

319 2454 486 2502 propter
510 2461 554 2487 sc
579 2445 733 2487 bellum
764 2444 827 2485 his
852 2444 1178 2484 Lacedaemonii
1208 2449 1248 2484 et
1270 2442 1550 2484 Athenienses
1575 2440 1679 2481 indi-

322 2516 471 2558 cerent,
504 2508 557 2549 ad
580 2507 822 2555 Admetum,
848 2505 1083 2547 Molossum
1113 2520 1274 2561 regem,
1307 2520 1400 2546 cum
1432 2518 1514 2557 quo
1544 2502 1581 2543 ei
1605 2502 1677 2542 ho-

278 2587 294 2614 4
322 2572 491 2626 spitium
516 2576 615 2619 erat,
642 2569 841 2625 confugit.
873 2568 955 2609 11110
979 2583 1073 2609 011111
1098 2568 1292 2617 venisset,
1319 2574 1358 2608 ct
1382 2567 1424 2607 in
1446 2563 1677 2620 praesentia

321 2648 392 2673 rex
423 2633 605 2681 abesset,
642 2646 724 2684 quo
756 2631 908 2671 maiore
938 2631 1136 2685 religione
1167 2645 1211 2670 se
1241 2635 1452 2683 receptum
1482 2631 1674 2672 tueretur,
1715 2667 1717 2669 ,

323 2695 447 2734 liliam
479 2694 566 2734 01115
597 2693 811 2748 parvulam
836 2692 1004 2746 arripuit
1036 2698 1074 2732 et
1100 2706 1192 2732 011111
1225 2705 1272 2732 ca
1298 2705 1341 2732 50
1366 2690 1408 2729 111
1440 2686 1674 2734 sacrarium,
