1788 3200
264 784 282 811 [ὗ

264 1889 282 1917 KG

315 195 365 235 18
747 196 987 233 CORNELII
1009 196 1227 233 NEPOTIS

312 291 406 317 eum
432 273 618 315 ducentis
649 271 826 313 navibus
851 271 1073 326 imperator
1096 272 1267 320 missus,
1300 285 1394 312 cum
1419 271 1506 311 eius
1538 271 1665 311 maio-

310 353 396 378 rem
426 342 585 389 partem
614 334 773 375 insulae
804 334 1042 383 devicisset,
1081 334 1122 373 in
1153 332 1340 374 morbum
1371 332 1592 386 implicitus
1623 332 1664 372 in

311 395 463 452 oppido
490 395 600 437 Citio
626 402 689 436 est
712 401 912 435 mortuus.

376 458 453 499 IV.
490 457 619 498 Hunc
644 456 922 497 Athenienses
953 472 1034 496 non
1061 455 1193 496 solum
1218 455 1259 495 in
1285 454 1410 504 bello,
1444 455 1516 495 sed
1542 454 1663 495 ctiam

308 521 352 561 in
381 535 482 575 pace
513 520 584 560 diu
615 518 962 559 desideraverunt.
1011 517 1090 557 fuit
1120 517 1229 558 enim
1266 523 1379 557 tanta
1407 516 1662 564 liberalitate,

309 597 403 624 cum
429 581 706 635 compluribus
727 580 827 620 locis
847 579 1016 633 praedia
1034 579 1256 632 hortosque
1275 578 1456 628 haberet,
1483 585 1528 619 ut
1546 593 1665 618 num-

308 660 433 698 quam
457 644 500 684 in
525 644 583 684 eis
610 643 823 683 custodem
854 642 1095 695 imposuerit
1118 641 1277 681 fructus
1304 641 1494 681 servandi
1519 641 1663 696 gratia,

308 721 359 747 ne
384 706 475 759 quis
505 704 789 758 impediretur,
821 717 902 756 quo
928 703 1062 743 minus
1089 702 1176 742 eius
1201 701 1345 751 rebus,
1378 702 1528 754 quibus
1554 702 1664 754 quis—

309 782 389 820 que
414 766 556 815 vellet,
589 766 804 805 frueretur.
849 778 1012 817 semper
1042 778 1136 804 eum
1166 763 1405 817 pedissequi
1429 778 1523 803 cum
1547 778 1664 802 num-

309 829 388 869 mis
422 833 519 869 sunt
549 826 698 874 secuti,
730 832 793 875 ut,
826 825 861 866 si
892 825 984 878 quis
1010 825 1100 878 opis
1126 825 1214 865 eius
1244 825 1464 880 indigeret,
1495 823 1665 864 haberet

307 890 419 943 quod
444 888 582 930 statim
607 888 734 937 daret,
761 902 813 928 ne
838 886 1066 927 differendo
1093 886 1299 926 videretur
1323 900 1486 940 negare.
1542 899 1665 938 saepe

310 966 403 992 cum
434 951 613 1003 aliquem
643 949 848 990 offensum
879 948 1045 989 fortuna
1068 948 1226 988 videret
1251 947 1386 988 minus
1411 947 1516 988 bene
1541 946 1666 986 vesti—

311 1020 411 1061 tum,
444 1027 565 1054 suum
590 1011 813 1052 amiculum
838 1010 963 1051 dedit.
1001 1009 1182 1062 quotidie
1214 1009 1273 1049 sic
1297 1023 1426 1049 coena
1456 1008 1493 1049 ei
1518 1021 1666 1060 coque-

308 1074 440 1123 batur,
467 1080 524 1122 ut‚
551 1088 655 1126 quos
680 1073 892 1113 invocatos
918 1072 1091 1112 vidisset
1114 1071 1157 1112 in
1181 1071 1290 1119 foro,
1322 1085 1464 1110 omnes
1491 1070 1669 1110 devoca—

307 1142 386 1185 ret3
412 1135 524 1188 quod
549 1135 684 1175 facere
708 1134 868 1174 nullum
893 1133 1001 1174 diem
1031 1132 1393 1187 praetermittebat.
1436 1131 1538 1171 nulli
1562 1131 1665 1170 fides

308 1198 409 1246 eius,
436 1197 537 1237 nulli
562 1211 704 1251 opera,
738 1196 839 1236 nulli
862 1210 928 1236 res
954 1194 1167 1236 familiaris
1193 1194 1344 1243 defuit3
1375 1193 1527 1233 multos
1552 1192 1663 1232 locu-

308 1259 496 1313 plctavit3
528 1258 761 1312 complures
785 1270 989 1312 pauperes
1015 1262 1218 1304 mortuos,
1244 1255 1315 1308 qui
1339 1255 1448 1294 unde
1474 1253 1663 1294 efferren-

310 1328 375 1361 tur
398 1335 482 1361 non
504 1320 784 1373 reliquissent,
817 1333 893 1359 suo
925 1324 1092 1372 sumptu
1123 1318 1280 1358 extulit.
1321 1317 1381 1357 sic
1415 1331 1458 1357 se
1483 1315 1665 1371 gerendo

310 1382 478 1422 minime
503 1388 566 1423 est
590 1381 837 1430 mirandum,
865 1380 901 1421 si
926 1386 966 1421 et
990 1380 1075 1421 vita
1099 1380 1188 1421 eius
1218 1379 1297 1419 suit
1323 1394 1467 1420 secura
1491 1383 1531 1418 et
1555 1392 1665 1417 mors

309 1443 469 1484 acerba.

727 1576 804 1618 VI.
854 1575 1246 1618 LYSANDER.

375 1690 410 1731 Ι.
455 1690 676 1744 [lysander
700 1688 1061 1729 Lacedaemonius
1092 1703 1287 1743 magnam
1317 1687 1481 1741 reliquit
1512 1687 1575 1728 sui
1605 1686 1665 1727 fa-

308 1767 437 1801 mam,
469 1751 603 1805 magis
628 1750 823 1791 felicitate
848 1765 973 1802 quam
997 1750 1147 1790 virtute
1177 1755 1349 1803 partam.
1385 1748 1665 1790 Athenienses

308 1813 417 1853 enim
450 1811 511 1867 [in
540 1810 888 1866 Peloponnesios]
922 1816 1039 1852 sexto
1070 1817 1111 1851 et
1140 1811 1338 1851 vicesimo
1369 1825 1476 1851 anno
1512 1810 1664 1851 bellum

308 1880 498 1929 gerentes
524 1873 754 1914 confecisse
779 1879 961 1927 apparet.
1004 1886 1138 1925 neque
1163 1872 1205 1912 id
1230 1887 1312 1925 qua
1341 1872 1498 1913 ratione
1523 1886 1666 1912 consc-

310 1942 429 1976 cutus
450 1935 514 1984 sit,
540 1935 651 1975 latet.
688 1949 772 1975 non
791 1934 900 1974 enim
919 1934 1070 1974 virtute
1095 1934 1159 1975 sui
1179 1933 1396 1982 exercitus,
1424 1933 1497 1973 sed
1520 1933 1666 1973 immo-

309 1997 442 2039 destia
472 1996 629 2037 factum
655 2002 718 2037 est
743 1995 1084 2044 adversariorum,
1118 1995 1201 2048 qui,
1227 1995 1339 2047 quod
1363 1995 1473 2035 dicto
1498 1994 1666 2035 audien-

308 2066 370 2100 tes
395 2058 712 2113 imperatoribus
738 2057 824 2099 suis
850 2072 932 2098 non
952 2063 1079 2106 erant,
1106 2057 1298 2111 dispalati
1322 2057 1365 2097 in
1384 2056 1496 2111 agris
1514 2056 1665 2096 relictis

309 2120 484 2162 navibus
510 2121 553 2160 in
577 2120 759 2161 hostium
783 2125 984 2160 venerunt
1007 2125 1268 2173 potestatem.
1305 2133 1387 2171 quo
1412 2118 1521 2158 facto
1536 2116 1667 2157 Athc-

309 2183 473 2224 nienses
500 2197 544 2223 se
558 2181 904 2223 Lacedaemoniis
930 2181 1186 2222 dediderunt.
1212 2180 1290 2220 hac
1314 2179 1485 2220 victoria
1502 2179 1667 2232 Lysan-

309 2246 382 2285 der
406 2245 551 2293 clatus,
579 2258 673 2285 cum
698 2249 819 2284 antea
844 2257 1007 2298 semper
1030 2242 1230 2283 factiosus
1262 2241 1481 2294 audaxque
1505 2240 1666 2288 fuisset,

310 2307 369 2348 sic
394 2306 473 2347 sibi
498 2306 680 2355 indulsit,
707 2312 753 2346 ut
783 2306 870 2346 eius
896 2319 1021 2359 opera
1045 2305 1088 2344 in
1112 2304 1339 2344 maximum
1370 2303 1509 2343 odium
1537 2300 1667 2343 Grac-

310 2369 397 2409 ciae
422 2368 747 2409 Lacedaemonii
777 2366 1049 2422 pervenerint.
1092 2381 1189 2407 nam
1220 2380 1314 2406 cum
1344 2364 1452 2405 hanc
1477 2379 1667 2405 caussam

309 2430 631 2471 Lacedaemonii
652 2430 909 2470 dictitassent
935 2428 1013 2470 sibi
1039 2442 1131 2469 esse
1155 2427 1265 2476 belli,
1290 2433 1336 2468 ut
1349 2425 1666 2467 Atheniensium

308 2493 575 2547 impotentem
611 2492 934 2532 dominationem
968 2490 1259 2545 refringerent,
1301 2495 1521 2544 postquam
1558 2487 1666 2541 apud

308 2554 453 2609 Aegos
480 2554 633 2595 flumen
657 2554 880 2608 Lysander
910 2553 1055 2594 classis
1081 2552 1263 2593 hostium
1288 2557 1349 2592 cst
1373 2550 1540 2605 potitus,
1566 2548 1664 2589 nihil

310 2617 419 2656 aliud
446 2617 611 2657 molitus
638 2622 712 2664 cst,
740 2613 864 2668 quam
891 2622 935 2655 ut
960 2629 1102 2655 omncs
1129 2614 1314 2654 civitates
1345 2613 1387 2652 in
1414 2626 1488 2652 sua
1512 2616 1667 2650 teneret

309 2685 525 2730 potestate,
552 2693 646 2718 cum
678 2678 719 2717 id
746 2692 789 2717 se
815 2676 1242 2716 Lacedaemoniorum
1274 2688 1422 2714 caussa
1453 2672 1587 2713 facere
1613 2671 1665 2712 si-
