<?xml version="1.0" encoding="UTF-8"?>
<!DOCTYPE html PUBLIC "-//W3C//DTD XHTML 1.0 Transitional//EN"
    "http://www.w3.org/TR/xhtml1/DTD/xhtml1-transitional.dtd">
<html xmlns="http://www.w3.org/1999/xhtml" xml:lang="en" lang="en">
 <head>
  <title>
</title>
<meta http-equiv="Content-Type" content="text/html;charset=utf-8" />
  <meta name='ocr-system' content='tesseract 3.04.00' />
  <meta name='ocr-capabilities' content='ocr_page ocr_carea ocr_par ocr_line ocrx_word'/>
</head>
<body>
  <div class='ocr_page' id='page_1' title='image "./vitaeetfragmenta00nepouoft_0110.png"; bbox 0 0 1788 3200; ppageno 0'>
   <div class='ocr_carea' id='block_1_1' title="bbox 245 529 263 558">
    <p class='ocr_par' dir='ltr' id='par_1_1' title="bbox 245 529 263 558">
     <span class='ocr_line' id='line_1_1' title="bbox 245 529 263 558; textangle 90"><span class='ocrx_word' id='word_1_1' title='bbox 245 529 263 558; x_wconf 69' lang='grc' dir='ltr'>[ὓ</span> 
     </span>
    </p>
   </div>
   <div class='ocr_carea' id='block_1_2' title="bbox 293 189 1212 230">
    <p class='ocr_par' dir='ltr' id='par_1_2' title="bbox 293 189 1212 230">
     <span class='ocr_line' id='line_1_2' title="bbox 293 189 1212 230; baseline -0.002 0"><span class='ocrx_word' id='word_1_2' title='bbox 293 189 346 230; x_wconf 82' lang='grc'>88</span> <span class='ocrx_word' id='word_1_3' title='bbox 739 191 981 228; x_wconf 82' lang='lat' dir='ltr'><strong>CORNELII</strong></span> <span class='ocrx_word' id='word_1_4' title='bbox 1002 192 1212 228; x_wconf 87' lang='lat' dir='ltr'>NEPOTIS</span> 
     </span>
    </p>
   </div>
   <div class='ocr_carea' id='block_1_3' title="bbox 288 263 1651 1250">
    <p class='ocr_par' dir='ltr' id='par_1_3' title="bbox 289 263 1649 380">
     <span class='ocr_line' id='line_1_3' title="bbox 290 263 1649 321; baseline 0 -15"><span class='ocrx_word' id='word_1_5' title='bbox 290 266 373 321; x_wconf 90' lang='lat' dir='ltr'>peii</span> <span class='ocrx_word' id='word_1_6' title='bbox 403 265 547 306; x_wconf 86' lang='lat' dir='ltr'>castris</span> <span class='ocrx_word' id='word_1_7' title='bbox 580 263 840 305; x_wconf 68' lang='lat' dir='ltr'>concesserit.</span> <span class='ocrx_word' id='word_1_8' title='bbox 891 263 949 304; x_wconf 88' lang='lat' dir='ltr'>sic</span> <span class='ocrx_word' id='word_1_9' title='bbox 980 269 1118 304; x_wconf 84' lang='lat' dir='ltr'>vetere</span> <span class='ocrx_word' id='word_1_10' title='bbox 1147 263 1334 304; x_wconf 86' lang='lat' dir='ltr'>instituto</span> <span class='ocrx_word' id='word_1_11' title='bbox 1366 263 1475 305; x_wconf 87' lang='lat' dir='ltr'>vitae</span> <span class='ocrx_word' id='word_1_12' title='bbox 1505 264 1649 321; x_wconf 83' lang='lat' dir='ltr'>effugit</span> 
     </span>
     <span class='ocr_line' id='line_1_4' title="bbox 289 325 615 380; baseline -0.006 -12"><span class='ocrx_word' id='word_1_13' title='bbox 289 342 398 368; x_wconf 86' lang='lat' dir='ltr'>nova</span> <span class='ocrx_word' id='word_1_14' title='bbox 421 325 615 380; x_wconf 86' lang='lat' dir='ltr'>pericula.</span> 
     </span>
    </p>

    <p class='ocr_par' dir='ltr' id='par_1_4' title="bbox 288 386 1651 1250">
     <span class='ocr_line' id='line_1_5' title="bbox 358 386 1651 444; baseline 0.002 -16"><span class='ocrx_word' id='word_1_15' title='bbox 358 388 482 429; x_wconf 86' lang='lat' dir='ltr'><strong>VIII.</strong></span> <span class='ocrx_word' id='word_1_16' title='bbox 523 386 724 429; x_wconf 86' lang='lat' dir='ltr'>Secutum</span> <span class='ocrx_word' id='word_1_17' title='bbox 750 394 813 429; x_wconf 88' lang='lat' dir='ltr'>est</span> <span class='ocrx_word' id='word_1_18' title='bbox 843 387 945 429; x_wconf 87' lang='lat' dir='ltr'>illud</span> <span class='ocrx_word' id='word_1_19' title='bbox 969 388 1106 430; x_wconf 88' lang='lat' dir='ltr'>occiso</span> <span class='ocrx_word' id='word_1_20' title='bbox 1133 386 1332 438; x_wconf 82' lang='lat' dir='ltr'>Caesare,</span> <span class='ocrx_word' id='word_1_21' title='bbox 1364 402 1459 429; x_wconf 88' lang='lat' dir='ltr'>eum</span> <span class='ocrx_word' id='word_1_22' title='bbox 1483 403 1549 430; x_wconf 90' lang='lat' dir='ltr'>res</span> <span class='ocrx_word' id='word_1_23' title='bbox 1573 403 1651 444; x_wconf 88' lang='lat' dir='ltr'>pu-</span> 
     </span>
     <span class='ocr_line' id='line_1_6' title="bbox 289 450 1650 505; baseline 0.001 -14"><span class='ocrx_word' id='word_1_24' title='bbox 289 450 397 491; x_wconf 89' lang='lat' dir='ltr'>blica</span> <span class='ocrx_word' id='word_1_25' title='bbox 420 465 547 505; x_wconf 87' lang='lat' dir='ltr'>penes</span> <span class='ocrx_word' id='word_1_26' title='bbox 573 451 728 492; x_wconf 82' lang='lat' dir='ltr'>Brutos</span> <span class='ocrx_word' id='word_1_27' title='bbox 754 450 962 492; x_wconf 86' lang='lat' dir='ltr'>videretur</span> <span class='ocrx_word' id='word_1_28' title='bbox 987 465 1079 492; x_wconf 86' lang='lat' dir='ltr'>esse</span> <span class='ocrx_word' id='word_1_29' title='bbox 1105 457 1144 492; x_wconf 86' lang='lat' dir='ltr'>et</span> <span class='ocrx_word' id='word_1_30' title='bbox 1171 450 1378 501; x_wconf 88' lang='lat' dir='ltr'>Cassium,</span> <span class='ocrx_word' id='word_1_31' title='bbox 1411 465 1459 492; x_wconf 86' lang='lat' dir='ltr'>ae</span> <span class='ocrx_word' id='word_1_32' title='bbox 1484 457 1570 493; x_wconf 89' lang='lat' dir='ltr'>tota</span> <span class='ocrx_word' id='word_1_33' title='bbox 1593 451 1650 492; x_wconf 89' lang='lat' dir='ltr'>ci-</span> 
     </span>
     <span class='ocr_line' id='line_1_7' title="bbox 290 512 1648 555; baseline 0.001 -2"><span class='ocrx_word' id='word_1_34' title='bbox 290 512 395 554; x_wconf 78' lang='lat' dir='ltr'>vitas</span> <span class='ocrx_word' id='word_1_35' title='bbox 422 527 466 554; x_wconf 88' lang='lat' dir='ltr'>se</span> <span class='ocrx_word' id='word_1_36' title='bbox 492 513 545 554; x_wconf 90' lang='lat' dir='ltr'>ad</span> <span class='ocrx_word' id='word_1_37' title='bbox 571 528 641 554; x_wconf 91' lang='lat' dir='ltr'>eos</span> <span class='ocrx_word' id='word_1_38' title='bbox 674 513 928 554; x_wconf 85' lang='lat' dir='ltr'>convertisse</span> <span class='ocrx_word' id='word_1_39' title='bbox 952 513 1172 554; x_wconf 75' lang='lat' dir='ltr'>videretur.</span> <span class='ocrx_word' id='word_1_40' title='bbox 1218 513 1276 554; x_wconf 88' lang='lat' dir='ltr'>sie</span> <span class='ocrx_word' id='word_1_41' title='bbox 1300 513 1362 554; x_wconf 90' lang='lat' dir='ltr'>M.</span> <span class='ocrx_word' id='word_1_42' title='bbox 1388 514 1520 555; x_wconf 89' lang='lat' dir='ltr'>Bruto</span> <span class='ocrx_word' id='word_1_43' title='bbox 1545 528 1648 555; x_wconf 88' lang='lat' dir='ltr'>usus</span> 
     </span>
     <span class='ocr_line' id='line_1_8' title="bbox 290 575 1650 630; baseline 0.001 -15"><span class='ocrx_word' id='word_1_44' title='bbox 290 581 366 624; x_wconf 89' lang='lat' dir='ltr'>est,</span> <span class='ocrx_word' id='word_1_45' title='bbox 397 582 442 616; x_wconf 90' lang='lat' dir='ltr'>ut</span> <span class='ocrx_word' id='word_1_46' title='bbox 465 575 578 617; x_wconf 87' lang='lat' dir='ltr'>nullo</span> <span class='ocrx_word' id='word_1_47' title='bbox 603 575 671 616; x_wconf 90' lang='lat' dir='ltr'>illc</span> <span class='ocrx_word' id='word_1_48' title='bbox 697 575 938 616; x_wconf 81' lang='lat' dir='ltr'>adolescens</span> <span class='ocrx_word' id='word_1_49' title='bbox 965 575 1126 628; x_wconf 89' lang='lat' dir='ltr'>aequali</span> <span class='ocrx_word' id='word_1_50' title='bbox 1151 575 1393 617; x_wconf 85' lang='lat' dir='ltr'>familiarius</span> <span class='ocrx_word' id='word_1_51' title='bbox 1419 591 1545 630; x_wconf 88' lang='lat' dir='ltr'>quam</span> <span class='ocrx_word' id='word_1_52' title='bbox 1569 576 1650 618; x_wconf 87' lang='lat' dir='ltr'>hoe</span> 
     </span>
     <span class='ocr_line' id='line_1_9' title="bbox 291 636 1651 692; baseline 0.001 -14"><span class='ocrx_word' id='word_1_53' title='bbox 291 651 406 687; x_wconf 86' lang='lat' dir='ltr'>sene,</span> <span class='ocrx_word' id='word_1_54' title='bbox 437 651 571 692; x_wconf 88' lang='lat' dir='ltr'>neque</span> <span class='ocrx_word' id='word_1_55' title='bbox 604 637 738 678; x_wconf 90' lang='lat' dir='ltr'>solum</span> <span class='ocrx_word' id='word_1_56' title='bbox 769 651 864 677; x_wconf 90' lang='lat' dir='ltr'>eum</span> <span class='ocrx_word' id='word_1_57' title='bbox 894 636 1123 691; x_wconf 87' lang='lat' dir='ltr'>principem</span> <span class='ocrx_word' id='word_1_58' title='bbox 1155 637 1315 677; x_wconf 87' lang='lat' dir='ltr'>consilii</span> <span class='ocrx_word' id='word_1_59' title='bbox 1345 637 1535 688; x_wconf 87' lang='lat' dir='ltr'>haberet,</span> <span class='ocrx_word' id='word_1_60' title='bbox 1575 639 1651 680; x_wconf 89' lang='lat' dir='ltr'>sed</span> 
     </span>
     <span class='ocr_line' id='line_1_10' title="bbox 291 698 1651 755; baseline 0.001 -16"><span class='ocrx_word' id='word_1_61' title='bbox 291 698 414 739; x_wconf 88' lang='lat' dir='ltr'>etiam</span> <span class='ocrx_word' id='word_1_62' title='bbox 445 699 487 738; x_wconf 90' lang='lat' dir='ltr'>in</span> <span class='ocrx_word' id='word_1_63' title='bbox 512 699 716 739; x_wconf 89' lang='lat' dir='ltr'>convictu.</span> <span class='ocrx_word' id='word_1_64' title='bbox 761 698 1041 753; x_wconf 80' lang='lat' dir='ltr'>excogitatum</span> <span class='ocrx_word' id='word_1_65' title='bbox 1067 704 1129 739; x_wconf 89' lang='lat' dir='ltr'>cst</span> <span class='ocrx_word' id='word_1_66' title='bbox 1153 713 1178 738; x_wconf 86' lang='lat' dir='ltr'>a</span> <span class='ocrx_word' id='word_1_67' title='bbox 1202 698 1465 752; x_wconf 88' lang='lat' dir='ltr'>quibusdam,</span> <span class='ocrx_word' id='word_1_68' title='bbox 1496 707 1543 741; x_wconf 86' lang='lat' dir='ltr'>ut</span> <span class='ocrx_word' id='word_1_69' title='bbox 1565 701 1651 755; x_wconf 88' lang='lat' dir='ltr'>pri·-</span> 
     </span>
     <span class='ocr_line' id='line_1_11' title="bbox 289 758 1650 814; baseline 0.002 -14"><span class='ocrx_word' id='word_1_70' title='bbox 289 767 431 800; x_wconf 83' lang='lat' dir='ltr'>vatum</span> <span class='ocrx_word' id='word_1_71' title='bbox 456 760 660 800; x_wconf 88' lang='lat' dir='ltr'>aerarium</span> <span class='ocrx_word' id='word_1_72' title='bbox 687 758 881 800; x_wconf 83' lang='lat' dir='ltr'>Caesaris</span> <span class='ocrx_word' id='word_1_73' title='bbox 906 759 1240 801; x_wconf 85' lang='lat' dir='ltr'>interfectoribus</span> <span class='ocrx_word' id='word_1_74' title='bbox 1266 759 1318 802; x_wconf 87' lang='lat' dir='ltr'>ab</span> <span class='ocrx_word' id='word_1_75' title='bbox 1344 761 1550 814; x_wconf 90' lang='lat' dir='ltr'>equitibus</span> <span class='ocrx_word' id='word_1_76' title='bbox 1564 762 1650 803; x_wconf 84' lang='lat' dir='ltr'>Ro-</span> 
     </span>
     <span class='ocr_line' id='line_1_12' title="bbox 288 821 1648 876; baseline 0.001 -14"><span class='ocrx_word' id='word_1_77' title='bbox 288 821 422 862; x_wconf 90' lang='lat' dir='ltr'>manis</span> <span class='ocrx_word' id='word_1_78' title='bbox 454 821 783 862; x_wconf 80' lang='lat' dir='ltr'>constitueretur.</span> <span class='ocrx_word' id='word_1_79' title='bbox 826 821 869 862; x_wconf 90' lang='lat' dir='ltr'>id</span> <span class='ocrx_word' id='word_1_80' title='bbox 893 821 1015 862; x_wconf 86' lang='lat' dir='ltr'>facile</span> <span class='ocrx_word' id='word_1_81' title='bbox 1041 821 1153 862; x_wconf 84' lang='lat' dir='ltr'>effici</span> <span class='ocrx_word' id='word_1_82' title='bbox 1180 836 1304 876; x_wconf 89' lang='lat' dir='ltr'>posse</span> <span class='ocrx_word' id='word_1_83' title='bbox 1330 821 1515 863; x_wconf 85' lang='lat' dir='ltr'>arbitrati</span> <span class='ocrx_word' id='word_1_84' title='bbox 1541 830 1648 873; x_wconf 91' lang='lat' dir='ltr'>sunt,</span> 
     </span>
     <span class='ocr_line' id='line_1_13' title="bbox 291 881 1651 939; baseline 0.001 -15"><span class='ocrx_word' id='word_1_85' title='bbox 291 883 325 923; x_wconf 88' lang='lat' dir='ltr'>si</span> <span class='ocrx_word' id='word_1_86' title='bbox 353 881 431 938; x_wconf 89' lang='lat' dir='ltr'>[et]</span> <span class='ocrx_word' id='word_1_87' title='bbox 457 883 665 938; x_wconf 86' lang='lat' dir='ltr'>principes</span> <span class='ocrx_word' id='word_1_88' title='bbox 685 883 774 924; x_wconf 87' lang='lat' dir='ltr'>eius</span> <span class='ocrx_word' id='word_1_89' title='bbox 794 883 948 924; x_wconf 83' lang='lat' dir='ltr'>ordinis</span> <span class='ocrx_word' id='word_1_90' title='bbox 974 884 1172 938; x_wconf 86' lang='lat' dir='ltr'>pecunias</span> <span class='ocrx_word' id='word_1_91' title='bbox 1193 884 1474 925; x_wconf 91' lang='lat' dir='ltr'>contulissent.</span> <span class='ocrx_word' id='word_1_92' title='bbox 1511 885 1651 939; x_wconf 88' lang='lat' dir='ltr'>itaque</span> 
     </span>
     <span class='ocr_line' id='line_1_14' title="bbox 290 944 1649 1000; baseline 0.002 -15"><span class='ocrx_word' id='word_1_93' title='bbox 290 945 520 1000; x_wconf 87' lang='lat' dir='ltr'>appellatus</span> <span class='ocrx_word' id='word_1_94' title='bbox 546 952 610 987; x_wconf 89' lang='lat' dir='ltr'>est</span> <span class='ocrx_word' id='word_1_95' title='bbox 634 945 722 987; x_wconf 88' lang='lat' dir='ltr'>aC.</span> <span class='ocrx_word' id='word_1_96' title='bbox 735 945 896 996; x_wconf 82' lang='lat' dir='ltr'>Flavio,</span> <span class='ocrx_word' id='word_1_97' title='bbox 916 945 1036 986; x_wconf 87' lang='lat' dir='ltr'>Bruti</span> <span class='ocrx_word' id='word_1_98' title='bbox 1061 944 1264 995; x_wconf 82' lang='lat' dir='ltr'>familiari,</span> <span class='ocrx_word' id='word_1_99' title='bbox 1284 945 1465 997; x_wconf 86' lang='lat' dir='ltr'>Atticus,</span> <span class='ocrx_word' id='word_1_100' title='bbox 1490 953 1537 988; x_wconf 89' lang='lat' dir='ltr'>ut</span> <span class='ocrx_word' id='word_1_101' title='bbox 1561 948 1649 988; x_wconf 89' lang='lat' dir='ltr'>eius</span> 
     </span>
     <span class='ocr_line' id='line_1_15' title="bbox 290 1008 1650 1065; baseline 0.001 -16"><span class='ocrx_word' id='word_1_102' title='bbox 290 1008 349 1049; x_wconf 88' lang='lat' dir='ltr'>rei</span> <span class='ocrx_word' id='word_1_103' title='bbox 379 1008 571 1063; x_wconf 88' lang='lat' dir='ltr'>princeps</span> <span class='ocrx_word' id='word_1_104' title='bbox 604 1023 696 1050; x_wconf 88' lang='lat' dir='ltr'>csse</span> <span class='ocrx_word' id='word_1_105' title='bbox 727 1009 862 1050; x_wconf 79' lang='lat' dir='ltr'>vellet,</span> <span class='ocrx_word' id='word_1_106' title='bbox 911 1015 952 1049; x_wconf 86' lang='lat' dir='ltr'>at</span> <span class='ocrx_word' id='word_1_107' title='bbox 982 1008 1069 1057; x_wconf 91' lang='lat' dir='ltr'>ille,</span> <span class='ocrx_word' id='word_1_108' title='bbox 1101 1009 1171 1062; x_wconf 91' lang='lat' dir='ltr'>qui</span> <span class='ocrx_word' id='word_1_109' title='bbox 1197 1008 1335 1050; x_wconf 87' lang='lat' dir='ltr'>officia</span> <span class='ocrx_word' id='word_1_110' title='bbox 1360 1009 1502 1051; x_wconf 87' lang='lat' dir='ltr'>amicis</span> <span class='ocrx_word' id='word_1_111' title='bbox 1532 1024 1650 1065; x_wconf 90' lang='lat' dir='ltr'>prae-</span> 
     </span>
     <span class='ocr_line' id='line_1_16' title="bbox 291 1070 1650 1125; baseline 0.001 -15"><span class='ocrx_word' id='word_1_112' title='bbox 291 1070 438 1110; x_wconf 87' lang='lat' dir='ltr'>standa</span> <span class='ocrx_word' id='word_1_113' title='bbox 469 1070 557 1110; x_wconf 85' lang='lat' dir='ltr'>sine</span> <span class='ocrx_word' id='word_1_114' title='bbox 595 1070 772 1111; x_wconf 85' lang='lat' dir='ltr'>factione</span> <span class='ocrx_word' id='word_1_115' title='bbox 805 1070 1058 1111; x_wconf 82' lang='lat' dir='ltr'>existimaret</span> <span class='ocrx_word' id='word_1_116' title='bbox 1091 1085 1335 1125; x_wconf 82' lang='lat' dir='ltr'>semperque</span> <span class='ocrx_word' id='word_1_117' title='bbox 1366 1086 1391 1112; x_wconf 90' lang='lat' dir='ltr'>a</span> <span class='ocrx_word' id='word_1_118' title='bbox 1421 1070 1572 1112; x_wconf 90' lang='lat' dir='ltr'>talibus</span> <span class='ocrx_word' id='word_1_119' title='bbox 1605 1085 1650 1112; x_wconf 83' lang='lat' dir='ltr'>se</span> 
     </span>
     <span class='ocr_line' id='line_1_17' title="bbox 290 1131 1651 1187; baseline 0.001 -14"><span class='ocrx_word' id='word_1_120' title='bbox 290 1131 471 1173; x_wconf 86' lang='lat' dir='ltr'>consiliis</span> <span class='ocrx_word' id='word_1_121' title='bbox 496 1132 753 1181; x_wconf 78' lang='lat' dir='ltr'>removisset,</span> <span class='ocrx_word' id='word_1_122' title='bbox 779 1132 1010 1187; x_wconf 77' lang='lat' dir='ltr'>respondit:</span> <span class='ocrx_word' id='word_1_123' title='bbox 1038 1132 1072 1173; x_wconf 90' lang='lat' dir='ltr'>si</span> <span class='ocrx_word' id='word_1_124' title='bbox 1098 1132 1198 1186; x_wconf 87' lang='lat' dir='ltr'>quid</span> <span class='ocrx_word' id='word_1_125' title='bbox 1223 1133 1379 1174; x_wconf 84' lang='lat' dir='ltr'>Brutus</span> <span class='ocrx_word' id='word_1_126' title='bbox 1400 1133 1451 1173; x_wconf 88' lang='lat' dir='ltr'>de</span> <span class='ocrx_word' id='word_1_127' title='bbox 1477 1133 1562 1174; x_wconf 87' lang='lat' dir='ltr'>suis</span> <span class='ocrx_word' id='word_1_128' title='bbox 1588 1133 1651 1174; x_wconf 88' lang='lat' dir='ltr'>fa-</span> 
     </span>
     <span class='ocr_line' id='line_1_18' title="bbox 290 1193 1648 1250; baseline 0.001 -16"><span class='ocrx_word' id='word_1_129' title='bbox 290 1193 512 1235; x_wconf 87' lang='lat' dir='ltr'>cultatibus</span> <span class='ocrx_word' id='word_1_130' title='bbox 538 1194 598 1234; x_wconf 90' lang='lat' dir='ltr'>uti</span> <span class='ocrx_word' id='word_1_131' title='bbox 622 1194 833 1244; x_wconf 80' lang='lat' dir='ltr'>voluisset,</span> <span class='ocrx_word' id='word_1_132' title='bbox 862 1209 1046 1244; x_wconf 88' lang='lat' dir='ltr'>usurum,</span> <span class='ocrx_word' id='word_1_133' title='bbox 1073 1200 1271 1248; x_wconf 89' lang='lat' dir='ltr'>quantum</span> <span class='ocrx_word' id='word_1_134' title='bbox 1291 1195 1369 1236; x_wconf 89' lang='lat' dir='ltr'>hae</span> <span class='ocrx_word' id='word_1_135' title='bbox 1394 1202 1648 1250; x_wconf 82' lang='lat' dir='ltr'>paterentur3</span> 
     </span>
    </p>
   </div>
   <div class='ocr_carea' id='block_1_4' title="bbox 280 1255 1646 1311">
    <p class='ocr_par' dir='ltr' id='par_1_5' title="bbox 280 1255 1646 1311">
     <span class='ocr_line' id='line_1_19' title="bbox 280 1255 1646 1311; baseline 0.001 -15"><span class='ocrx_word' id='word_1_136' title='bbox 280 1255 364 1296; x_wconf 53' lang='lat' dir='ltr'>&gt;sed</span> <span class='ocrx_word' id='word_1_137' title='bbox 399 1270 533 1309; x_wconf 90' lang='lat' dir='ltr'>neque</span> <span class='ocrx_word' id='word_1_138' title='bbox 570 1271 663 1297; x_wconf 90' lang='lat' dir='ltr'>eum</span> <span class='ocrx_word' id='word_1_139' title='bbox 700 1270 910 1310; x_wconf 86' lang='lat' dir='ltr'>quoquam</span> <span class='ocrx_word' id='word_1_140' title='bbox 947 1257 998 1297; x_wconf 92' lang='lat' dir='ltr'>de</span> <span class='ocrx_word' id='word_1_141' title='bbox 1030 1271 1077 1297; x_wconf 86' lang='lat' dir='ltr'>ea</span> <span class='ocrx_word' id='word_1_142' title='bbox 1107 1272 1151 1298; x_wconf 90' lang='lat' dir='ltr'>re</span> <span class='ocrx_word' id='word_1_143' title='bbox 1183 1257 1481 1298; x_wconf 87' lang='lat' dir='ltr'>collocuturum</span> <span class='ocrx_word' id='word_1_144' title='bbox 1511 1271 1646 1311; x_wconf 90' lang='lat' dir='ltr'>neque</span> 
     </span>
    </p>
   </div>
   <div class='ocr_carea' id='block_1_5' title="bbox 285 1317 1688 2744">
    <p class='ocr_par' dir='ltr' id='par_1_6' title="bbox 287 1317 1651 1871">
     <span class='ocr_line' id='line_1_20' title="bbox 290 1317 1650 1373; baseline 0.001 -15"><span class='ocrx_word' id='word_1_145' title='bbox 290 1317 506 1358; x_wconf 82' lang='lat' dir='ltr'>coiturum.</span> <span class='ocrx_word' id='word_1_146' title='bbox 545 1317 604 1358; x_wconf 89' lang='lat' dir='ltr'>sic</span> <span class='ocrx_word' id='word_1_147' title='bbox 628 1317 695 1358; x_wconf 92' lang='lat' dir='ltr'>ille</span> <span class='ocrx_word' id='word_1_148' title='bbox 716 1318 999 1359; x_wconf 86' lang='lat' dir='ltr'>consensionis</span> <span class='ocrx_word' id='word_1_149' title='bbox 1025 1318 1175 1373; x_wconf 82' lang='lat' dir='ltr'>globus</span> <span class='ocrx_word' id='word_1_150' title='bbox 1199 1318 1322 1360; x_wconf 89' lang='lat' dir='ltr'>huius</span> <span class='ocrx_word' id='word_1_151' title='bbox 1342 1319 1464 1360; x_wconf 89' lang='lat' dir='ltr'>unius</span> <span class='ocrx_word' id='word_1_152' title='bbox 1490 1319 1650 1360; x_wconf 87' lang='lat' dir='ltr'>dissen-</span> 
     </span>
     <span class='ocr_line' id='line_1_21' title="bbox 291 1379 1651 1436; baseline 0.002 -17"><span class='ocrx_word' id='word_1_153' title='bbox 291 1379 404 1420; x_wconf 87' lang='lat' dir='ltr'>sione</span> <span class='ocrx_word' id='word_1_154' title='bbox 430 1379 627 1420; x_wconf 87' lang='lat' dir='ltr'>disiectus</span> <span class='ocrx_word' id='word_1_155' title='bbox 655 1386 729 1421; x_wconf 90' lang='lat' dir='ltr'>cst.</span> <span class='ocrx_word' id='word_1_156' title='bbox 766 1395 899 1434; x_wconf 88' lang='lat' dir='ltr'>neque</span> <span class='ocrx_word' id='word_1_157' title='bbox 925 1380 1054 1421; x_wconf 88' lang='lat' dir='ltr'>multo</span> <span class='ocrx_word' id='word_1_158' title='bbox 1080 1386 1174 1435; x_wconf 89' lang='lat' dir='ltr'>post</span> <span class='ocrx_word' id='word_1_159' title='bbox 1200 1381 1386 1435; x_wconf 87' lang='lat' dir='ltr'>superior</span> <span class='ocrx_word' id='word_1_160' title='bbox 1404 1395 1496 1422; x_wconf 89' lang='lat' dir='ltr'>esse</span> <span class='ocrx_word' id='word_1_161' title='bbox 1516 1382 1651 1436; x_wconf 87' lang='lat' dir='ltr'>eoepit</span> 
     </span>
     <span class='ocr_line' id='line_1_22' title="bbox 287 1440 1649 1498; baseline 0.002 -17"><span class='ocrx_word' id='word_1_162' title='bbox 287 1440 518 1492; x_wconf 89' lang='lat' dir='ltr'>Antonius,</span> <span class='ocrx_word' id='word_1_163' title='bbox 555 1442 612 1482; x_wconf 89' lang='lat' dir='ltr'>ita</span> <span class='ocrx_word' id='word_1_164' title='bbox 647 1448 692 1482; x_wconf 89' lang='lat' dir='ltr'>ut</span> <span class='ocrx_word' id='word_1_165' title='bbox 715 1441 872 1483; x_wconf 91' lang='lat' dir='ltr'>Brutus</span> <span class='ocrx_word' id='word_1_166' title='bbox 905 1449 945 1483; x_wconf 91' lang='lat' dir='ltr'>et</span> <span class='ocrx_word' id='word_1_167' title='bbox 972 1441 1148 1484; x_wconf 87' lang='lat' dir='ltr'>Cassius</span> <span class='ocrx_word' id='word_1_168' title='bbox 1180 1443 1505 1498; x_wconf 87' lang='lat' dir='ltr'>provinciarum,</span> <span class='ocrx_word' id='word_1_169' title='bbox 1543 1458 1649 1497; x_wconf 87' lang='lat' dir='ltr'>quae</span> 
     </span>
     <span class='ocr_line' id='line_1_23' title="bbox 288 1502 1649 1561; baseline 0.003 -18"><span class='ocrx_word' id='word_1_170' title='bbox 288 1502 351 1543; x_wconf 89' lang='lat' dir='ltr'>his</span> <span class='ocrx_word' id='word_1_171' title='bbox 378 1503 480 1544; x_wconf 89' lang='lat' dir='ltr'>dicis</span> <span class='ocrx_word' id='word_1_172' title='bbox 506 1518 656 1545; x_wconf 87' lang='lat' dir='ltr'>caussa</span> <span class='ocrx_word' id='word_1_173' title='bbox 680 1504 800 1545; x_wconf 89' lang='lat' dir='ltr'>datae</span> <span class='ocrx_word' id='word_1_174' title='bbox 825 1511 940 1546; x_wconf 85' lang='lat' dir='ltr'>crant</span> <span class='ocrx_word' id='word_1_175' title='bbox 965 1521 989 1546; x_wconf 89' lang='lat' dir='ltr'>a</span> <span class='ocrx_word' id='word_1_176' title='bbox 1015 1505 1182 1546; x_wconf 84' lang='lat' dir='ltr'>consule</span> <span class='ocrx_word' id='word_1_177' title='bbox 1273 1506 1500 1561; x_wconf 88' lang='lat' dir='ltr'>desperatis</span> <span class='ocrx_word' id='word_1_178' title='bbox 1524 1505 1649 1547; x_wconf 89' lang='lat' dir='ltr'>rebus</span> 
     </span>
     <span class='ocr_line' id='line_1_24' title="bbox 288 1565 1649 1623; baseline 0.003 -18"><span class='ocrx_word' id='word_1_179' title='bbox 288 1565 330 1605; x_wconf 90' lang='lat' dir='ltr'>in</span> <span class='ocrx_word' id='word_1_180' title='bbox 356 1565 524 1607; x_wconf 81' lang='lat' dir='ltr'>exilium</span> <span class='ocrx_word' id='word_1_181' title='bbox 555 1567 924 1621; x_wconf 82' lang='lat' dir='ltr'>proficiscerentur.</span> <span class='ocrx_word' id='word_1_182' title='bbox 968 1566 1155 1618; x_wconf 90' lang='lat' dir='ltr'>Atticus,</span> <span class='ocrx_word' id='word_1_183' title='bbox 1187 1568 1257 1621; x_wconf 90' lang='lat' dir='ltr'>qui</span> <span class='ocrx_word' id='word_1_184' title='bbox 1282 1569 1499 1623; x_wconf 90' lang='lat' dir='ltr'>pecuniam</span> <span class='ocrx_word' id='word_1_185' title='bbox 1527 1568 1649 1609; x_wconf 84' lang='lat' dir='ltr'>simul</span> 
     </span>
     <span class='ocr_line' id='line_1_25' title="bbox 289 1629 1648 1685; baseline 0.001 -17"><span class='ocrx_word' id='word_1_186' title='bbox 289 1642 385 1668; x_wconf 90' lang='lat' dir='ltr'>cum</span> <span class='ocrx_word' id='word_1_187' title='bbox 415 1629 560 1670; x_wconf 87' lang='lat' dir='ltr'>ceteris</span> <span class='ocrx_word' id='word_1_188' title='bbox 592 1629 779 1670; x_wconf 88' lang='lat' dir='ltr'>conferre</span> <span class='ocrx_word' id='word_1_189' title='bbox 816 1630 1003 1671; x_wconf 90' lang='lat' dir='ltr'>noluerat</span> <span class='ocrx_word' id='word_1_190' title='bbox 1039 1629 1200 1671; x_wconf 89' lang='lat' dir='ltr'>florenti</span> <span class='ocrx_word' id='word_1_191' title='bbox 1237 1630 1296 1671; x_wconf 89' lang='lat' dir='ltr'>illi</span> <span class='ocrx_word' id='word_1_192' title='bbox 1324 1630 1449 1685; x_wconf 89' lang='lat' dir='ltr'>parti,</span> <span class='ocrx_word' id='word_1_193' title='bbox 1487 1629 1648 1671; x_wconf 87' lang='lat' dir='ltr'>abiecto</span> 
     </span>
     <span class='ocr_line' id='line_1_26' title="bbox 288 1690 1648 1745; baseline 0.002 -15"><span class='ocrx_word' id='word_1_194' title='bbox 288 1690 420 1731; x_wconf 84' lang='lat' dir='ltr'>Bruto</span> <span class='ocrx_word' id='word_1_195' title='bbox 450 1691 652 1745; x_wconf 83' lang='lat' dir='ltr'>Italiaque</span> <span class='ocrx_word' id='word_1_196' title='bbox 684 1692 845 1733; x_wconf 81' lang='lat' dir='ltr'>cedenti</span> <span class='ocrx_word' id='word_1_197' title='bbox 876 1691 956 1733; x_wconf 85' lang='lat' dir='ltr'>HS</span> <span class='ocrx_word' id='word_1_198' title='bbox 989 1699 1154 1733; x_wconf 88' lang='lat' dir='ltr'>centum</span> <span class='ocrx_word' id='word_1_199' title='bbox 1185 1692 1298 1733; x_wconf 87' lang='lat' dir='ltr'>milia</span> <span class='ocrx_word' id='word_1_200' title='bbox 1327 1692 1488 1733; x_wconf 85' lang='lat' dir='ltr'>muneri</span> <span class='ocrx_word' id='word_1_201' title='bbox 1524 1692 1648 1733; x_wconf 87' lang='lat' dir='ltr'>misit.</span> 
     </span>
     <span class='ocr_line' id='line_1_27' title="bbox 289 1752 1650 1809; baseline 0.002 -17"><span class='ocrx_word' id='word_1_202' title='bbox 289 1752 422 1793; x_wconf 91' lang='lat' dir='ltr'>eidem</span> <span class='ocrx_word' id='word_1_203' title='bbox 446 1753 489 1793; x_wconf 92' lang='lat' dir='ltr'>in</span> <span class='ocrx_word' id='word_1_204' title='bbox 513 1753 643 1807; x_wconf 89' lang='lat' dir='ltr'>Epiro</span> <span class='ocrx_word' id='word_1_205' title='bbox 669 1753 818 1795; x_wconf 87' lang='lat' dir='ltr'>absens</span> <span class='ocrx_word' id='word_1_206' title='bbox 845 1760 1027 1795; x_wconf 88' lang='lat' dir='ltr'>trecenta</span> <span class='ocrx_word' id='word_1_207' title='bbox 1051 1755 1172 1796; x_wconf 88' lang='lat' dir='ltr'>iussit</span> <span class='ocrx_word' id='word_1_208' title='bbox 1198 1755 1303 1805; x_wconf 88' lang='lat' dir='ltr'>dari,</span> <span class='ocrx_word' id='word_1_209' title='bbox 1329 1769 1464 1809; x_wconf 88' lang='lat' dir='ltr'>neque</span> <span class='ocrx_word' id='word_1_210' title='bbox 1489 1769 1537 1795; x_wconf 92' lang='lat' dir='ltr'>eo</span> <span class='ocrx_word' id='word_1_211' title='bbox 1563 1770 1650 1795; x_wconf 90' lang='lat' dir='ltr'>ma-</span> 
     </span>
     <span class='ocr_line' id='line_1_28' title="bbox 288 1815 1647 1871; baseline 0.002 -17"><span class='ocrx_word' id='word_1_212' title='bbox 288 1815 353 1869; x_wconf 82' lang='lat' dir='ltr'>gis</span> <span class='ocrx_word' id='word_1_213' title='bbox 378 1815 535 1868; x_wconf 87' lang='lat' dir='ltr'>potenti</span> <span class='ocrx_word' id='word_1_214' title='bbox 560 1815 751 1856; x_wconf 83' lang='lat' dir='ltr'>adulatus</span> <span class='ocrx_word' id='word_1_215' title='bbox 777 1823 840 1856; x_wconf 86' lang='lat' dir='ltr'>est</span> <span class='ocrx_word' id='word_1_216' title='bbox 853 1815 1038 1857; x_wconf 90' lang='lat' dir='ltr'>Antonio</span> <span class='ocrx_word' id='word_1_217' title='bbox 1058 1831 1191 1869; x_wconf 89' lang='lat' dir='ltr'>neque</span> <span class='ocrx_word' id='word_1_218' title='bbox 1212 1817 1451 1871; x_wconf 88' lang='lat' dir='ltr'>desperatos</span> <span class='ocrx_word' id='word_1_219' title='bbox 1471 1817 1647 1871; x_wconf 90' lang='lat' dir='ltr'>reliquit.</span> 
     </span>
    </p>

    <p class='ocr_par' dir='ltr' id='par_1_7' title="bbox 285 1875 1688 2744">
     <span class='ocr_line' id='line_1_29' title="bbox 358 1875 1648 1933; baseline 0.002 -17"><span class='ocrx_word' id='word_1_220' title='bbox 358 1875 440 1916; x_wconf 79' lang='lat' dir='ltr'>IX.</span> <span class='ocrx_word' id='word_1_221' title='bbox 486 1875 685 1918; x_wconf 85' lang='lat' dir='ltr'>Secutum</span> <span class='ocrx_word' id='word_1_222' title='bbox 717 1884 779 1918; x_wconf 84' lang='lat' dir='ltr'>cst</span> <span class='ocrx_word' id='word_1_223' title='bbox 815 1877 969 1918; x_wconf 91' lang='lat' dir='ltr'>bellum</span> <span class='ocrx_word' id='word_1_224' title='bbox 1005 1886 1170 1933; x_wconf 85' lang='lat' dir='ltr'>gestum</span> <span class='ocrx_word' id='word_1_225' title='bbox 1202 1879 1313 1932; x_wconf 89' lang='lat' dir='ltr'>apud</span> <span class='ocrx_word' id='word_1_226' title='bbox 1336 1878 1557 1919; x_wconf 87' lang='lat' dir='ltr'>Mutinam.</span> <span class='ocrx_word' id='word_1_227' title='bbox 1605 1879 1648 1920; x_wconf 92' lang='lat' dir='ltr'>in</span> 
     </span>
     <span class='ocr_line' id='line_1_30' title="bbox 289 1939 1646 1994; baseline 0.003 -16"><span class='ocrx_word' id='word_1_228' title='bbox 289 1953 370 1991; x_wconf 93' lang='lat' dir='ltr'>quo</span> <span class='ocrx_word' id='word_1_229' title='bbox 391 1939 426 1979; x_wconf 87' lang='lat' dir='ltr'>si</span> <span class='ocrx_word' id='word_1_230' title='bbox 439 1946 597 1979; x_wconf 89' lang='lat' dir='ltr'>tantum</span> <span class='ocrx_word' id='word_1_231' title='bbox 611 1954 705 1980; x_wconf 89' lang='lat' dir='ltr'>eum</span> <span class='ocrx_word' id='word_1_232' title='bbox 724 1940 968 1994; x_wconf 85' lang='lat' dir='ltr'>prudentem</span> <span class='ocrx_word' id='word_1_233' title='bbox 983 1940 1129 1990; x_wconf 88' lang='lat' dir='ltr'>dicam,</span> <span class='ocrx_word' id='word_1_234' title='bbox 1151 1940 1299 1990; x_wconf 87' lang='lat' dir='ltr'>minus,</span> <span class='ocrx_word' id='word_1_235' title='bbox 1321 1955 1445 1993; x_wconf 90' lang='lat' dir='ltr'>quam</span> <span class='ocrx_word' id='word_1_236' title='bbox 1459 1940 1646 1991; x_wconf 87' lang='lat' dir='ltr'>debeam,</span> 
     </span>
     <span class='ocr_line' id='line_1_31' title="bbox 288 2001 1648 2058; baseline 0.002 -18"><span class='ocrx_word' id='word_1_237' title='bbox 288 2001 536 2054; x_wconf 85' lang='lat' dir='ltr'>praedicem,</span> <span class='ocrx_word' id='word_1_238' title='bbox 563 2015 658 2042; x_wconf 85' lang='lat' dir='ltr'>eum</span> <span class='ocrx_word' id='word_1_239' title='bbox 682 2001 749 2043; x_wconf 87' lang='lat' dir='ltr'>ille</span> <span class='ocrx_word' id='word_1_240' title='bbox 774 2002 913 2057; x_wconf 87' lang='lat' dir='ltr'>potius</span> <span class='ocrx_word' id='word_1_241' title='bbox 940 2002 1103 2043; x_wconf 83' lang='lat' dir='ltr'>divinus</span> <span class='ocrx_word' id='word_1_242' title='bbox 1130 2002 1264 2051; x_wconf 82' lang='lat' dir='ltr'>suerit,</span> <span class='ocrx_word' id='word_1_243' title='bbox 1292 2002 1326 2043; x_wconf 89' lang='lat' dir='ltr'>si</span> <span class='ocrx_word' id='word_1_244' title='bbox 1351 2003 1549 2044; x_wconf 75' lang='lat' dir='ltr'>divinatio</span> <span class='ocrx_word' id='word_1_245' title='bbox 1575 2018 1648 2058; x_wconf 87' lang='lat' dir='ltr'>ap-</span> 
     </span>
     <span class='ocr_line' id='line_1_32' title="bbox 288 2063 1645 2119; baseline 0.004 -17"><span class='ocrx_word' id='word_1_246' title='bbox 288 2063 478 2117; x_wconf 85' lang='lat' dir='ltr'>pellanda</span> <span class='ocrx_word' id='word_1_247' title='bbox 494 2069 555 2104; x_wconf 87' lang='lat' dir='ltr'>est</span> <span class='ocrx_word' id='word_1_248' title='bbox 574 2071 773 2119; x_wconf 88' lang='lat' dir='ltr'>perpetua</span> <span class='ocrx_word' id='word_1_249' title='bbox 792 2065 989 2106; x_wconf 89' lang='lat' dir='ltr'>naturalis</span> <span class='ocrx_word' id='word_1_250' title='bbox 1009 2064 1184 2114; x_wconf 89' lang='lat' dir='ltr'>bonitas,</span> <span class='ocrx_word' id='word_1_251' title='bbox 1211 2079 1317 2119; x_wconf 86' lang='lat' dir='ltr'>quae</span> <span class='ocrx_word' id='word_1_252' title='bbox 1336 2065 1459 2107; x_wconf 88' lang='lat' dir='ltr'>nullis</span> <span class='ocrx_word' id='word_1_253' title='bbox 1481 2066 1645 2107; x_wconf 84' lang='lat' dir='ltr'>casibus</span> 
     </span>
     <span class='ocr_line' id='line_1_33' title="bbox 289 2124 1647 2179; baseline 0.002 -14"><span class='ocrx_word' id='word_1_254' title='bbox 289 2124 424 2179; x_wconf 83' lang='lat' dir='ltr'>agitur</span> <span class='ocrx_word' id='word_1_255' title='bbox 454 2140 587 2179; x_wconf 89' lang='lat' dir='ltr'>neque</span> <span class='ocrx_word' id='word_1_256' title='bbox 624 2126 833 2167; x_wconf 83' lang='lat' dir='ltr'>minuitur.</span> <span class='ocrx_word' id='word_1_257' title='bbox 883 2127 1014 2168; x_wconf 88' lang='lat' dir='ltr'>hostis</span> <span class='ocrx_word' id='word_1_258' title='bbox 1046 2126 1256 2168; x_wconf 86' lang='lat' dir='ltr'>Antonius</span> <span class='ocrx_word' id='word_1_259' title='bbox 1287 2127 1493 2169; x_wconf 88' lang='lat' dir='ltr'>iudicatus</span> <span class='ocrx_word' id='word_1_260' title='bbox 1525 2128 1647 2169; x_wconf 86' lang='lat' dir='ltr'>Italia</span> 
     </span>
     <span class='ocr_line' id='line_1_34' title="bbox 289 2188 1645 2242; baseline 0.003 -16"><span class='ocrx_word' id='word_1_261' title='bbox 289 2193 487 2236; x_wconf 83' lang='lat' dir='ltr'>eesserat3</span> <span class='ocrx_word' id='word_1_262' title='bbox 520 2202 614 2242; x_wconf 87' lang='lat' dir='ltr'>spes</span> <span class='ocrx_word' id='word_1_263' title='bbox 646 2188 888 2229; x_wconf 90' lang='lat' dir='ltr'>restituendi</span> <span class='ocrx_word' id='word_1_264' title='bbox 925 2189 1037 2230; x_wconf 84' lang='lat' dir='ltr'>nulla</span> <span class='ocrx_word' id='word_1_265' title='bbox 1069 2195 1166 2230; x_wconf 87' lang='lat' dir='ltr'>erat.</span> <span class='ocrx_word' id='word_1_266' title='bbox 1209 2204 1292 2230; x_wconf 88' lang='lat' dir='ltr'>non</span> <span class='ocrx_word' id='word_1_267' title='bbox 1319 2189 1452 2230; x_wconf 85' lang='lat' dir='ltr'>solum</span> <span class='ocrx_word' id='word_1_268' title='bbox 1477 2189 1645 2239; x_wconf 88' lang='lat' dir='ltr'>inimici,</span> 
     </span>
     <span class='ocr_line' id='line_1_35' title="bbox 288 2248 1647 2306; baseline 0.003 -18"><span class='ocrx_word' id='word_1_269' title='bbox 288 2248 357 2301; x_wconf 87' lang='lat' dir='ltr'>qui</span> <span class='ocrx_word' id='word_1_270' title='bbox 384 2254 471 2289; x_wconf 90' lang='lat' dir='ltr'>tum</span> <span class='ocrx_word' id='word_1_271' title='bbox 497 2257 611 2290; x_wconf 86' lang='lat' dir='ltr'>erant</span> <span class='ocrx_word' id='word_1_272' title='bbox 640 2251 917 2305; x_wconf 83' lang='lat' dir='ltr'>potentissimi</span> <span class='ocrx_word' id='word_1_273' title='bbox 943 2257 982 2292; x_wconf 87' lang='lat' dir='ltr'>et</span> <span class='ocrx_word' id='word_1_274' title='bbox 1013 2251 1197 2306; x_wconf 84' lang='lat' dir='ltr'>plurimi,</span> <span class='ocrx_word' id='word_1_275' title='bbox 1231 2251 1305 2292; x_wconf 89' lang='lat' dir='ltr'>sed</span> <span class='ocrx_word' id='word_1_276' title='bbox 1330 2251 1452 2292; x_wconf 88' lang='lat' dir='ltr'>etiam</span> <span class='ocrx_word' id='word_1_277' title='bbox 1479 2252 1549 2305; x_wconf 92' lang='lat' dir='ltr'>qui</span> <span class='ocrx_word' id='word_1_278' title='bbox 1574 2252 1647 2293; x_wconf 89' lang='lat' dir='ltr'>ad-</span> 
     </span>
     <span class='ocr_line' id='line_1_36' title="bbox 287 2310 1647 2367; baseline 0.004 -17"><span class='ocrx_word' id='word_1_279' title='bbox 287 2310 479 2352; x_wconf 88' lang='lat' dir='ltr'>versariis</span> <span class='ocrx_word' id='word_1_280' title='bbox 505 2311 593 2352; x_wconf 88' lang='lat' dir='ltr'>eius</span> <span class='ocrx_word' id='word_1_281' title='bbox 620 2327 663 2354; x_wconf 91' lang='lat' dir='ltr'>se</span> <span class='ocrx_word' id='word_1_282' title='bbox 689 2313 843 2355; x_wconf 88' lang='lat' dir='ltr'>dabant</span> <span class='ocrx_word' id='word_1_283' title='bbox 868 2319 907 2354; x_wconf 91' lang='lat' dir='ltr'>et</span> <span class='ocrx_word' id='word_1_284' title='bbox 932 2313 974 2353; x_wconf 90' lang='lat' dir='ltr'>in</span> <span class='ocrx_word' id='word_1_285' title='bbox 999 2328 1046 2354; x_wconf 88' lang='lat' dir='ltr'>eo</span> <span class='ocrx_word' id='word_1_286' title='bbox 1072 2313 1272 2354; x_wconf 85' lang='lat' dir='ltr'>laedendo</span> <span class='ocrx_word' id='word_1_287' title='bbox 1298 2313 1478 2367; x_wconf 81' lang='lat' dir='ltr'>aliquam</span> <span class='ocrx_word' id='word_1_288' title='bbox 1504 2328 1647 2355; x_wconf 89' lang='lat' dir='ltr'>conse-</span> 
     </span>
     <span class='ocr_line' id='line_1_37' title="bbox 288 2374 1647 2429; baseline 0.004 -17"><span class='ocrx_word' id='word_1_289' title='bbox 288 2378 453 2414; x_wconf 87' lang='lat' dir='ltr'>cuturos</span> <span class='ocrx_word' id='word_1_290' title='bbox 487 2374 709 2429; x_wconf 85' lang='lat' dir='ltr'>sperabant</span> <span class='ocrx_word' id='word_1_291' title='bbox 741 2376 1095 2425; x_wconf 88' lang='lat' dir='ltr'>commoditatem,</span> <span class='ocrx_word' id='word_1_292' title='bbox 1126 2374 1302 2417; x_wconf 91' lang='lat' dir='ltr'>Antonii</span> <span class='ocrx_word' id='word_1_293' title='bbox 1331 2376 1555 2418; x_wconf 86' lang='lat' dir='ltr'>familiares</span> <span class='ocrx_word' id='word_1_294' title='bbox 1585 2377 1647 2417; x_wconf 88' lang='lat' dir='ltr'>in-</span> 
     </span>
     <span class='ocr_line' id='line_1_38' title="bbox 288 2435 1646 2493; baseline 0.003 -18"><span class='ocrx_word' id='word_1_295' title='bbox 288 2435 585 2488; x_wconf 88' lang='lat' dir='ltr'>sequebantur,</span> <span class='ocrx_word' id='word_1_296' title='bbox 624 2452 796 2479; x_wconf 76' lang='lat' dir='ltr'>uxorcm</span> <span class='ocrx_word' id='word_1_297' title='bbox 832 2438 1025 2479; x_wconf 87' lang='lat' dir='ltr'>Fulviam</span> <span class='ocrx_word' id='word_1_298' title='bbox 1069 2437 1262 2479; x_wconf 83' lang='lat' dir='ltr'>omnibus</span> <span class='ocrx_word' id='word_1_299' title='bbox 1301 2437 1426 2480; x_wconf 87' lang='lat' dir='ltr'>rebus</span> <span class='ocrx_word' id='word_1_300' title='bbox 1470 2438 1646 2493; x_wconf 84' lang='lat' dir='ltr'>spoliare</span> 
     </span>
     <span class='ocr_line' id='line_1_39' title="bbox 287 2496 1644 2555; baseline 0.004 -19"><span class='ocrx_word' id='word_1_301' title='bbox 287 2496 526 2551; x_wconf 87' lang='lat' dir='ltr'>cupiebant,</span> <span class='ocrx_word' id='word_1_302' title='bbox 565 2498 716 2541; x_wconf 86' lang='lat' dir='ltr'>liberos</span> <span class='ocrx_word' id='word_1_303' title='bbox 749 2500 872 2541; x_wconf 88' lang='lat' dir='ltr'>ctiam</span> <span class='ocrx_word' id='word_1_304' title='bbox 905 2500 1166 2555; x_wconf 81' lang='lat' dir='ltr'>exstinguere</span> <span class='ocrx_word' id='word_1_305' title='bbox 1203 2499 1415 2555; x_wconf 88' lang='lat' dir='ltr'>parabant.</span> <span class='ocrx_word' id='word_1_306' title='bbox 1463 2500 1644 2550; x_wconf 91' lang='lat' dir='ltr'>Atticus,</span> 
     </span>
     <span class='ocr_line' id='line_1_40' title="bbox 286 2559 1644 2612; baseline 0.003 -13"><span class='ocrx_word' id='word_1_307' title='bbox 286 2572 380 2599; x_wconf 85' lang='lat' dir='ltr'>cum</span> <span class='ocrx_word' id='word_1_308' title='bbox 408 2559 621 2602; x_wconf 88' lang='lat' dir='ltr'>Ciceronis</span> <span class='ocrx_word' id='word_1_309' title='bbox 652 2562 797 2603; x_wconf 88' lang='lat' dir='ltr'>intima</span> <span class='ocrx_word' id='word_1_310' title='bbox 829 2562 1104 2603; x_wconf 83' lang='lat' dir='ltr'>familiaritate</span> <span class='ocrx_word' id='word_1_311' title='bbox 1137 2568 1336 2612; x_wconf 81' lang='lat' dir='ltr'>uteretur,</span> <span class='ocrx_word' id='word_1_312' title='bbox 1369 2562 1644 2604; x_wconf 85' lang='lat' dir='ltr'>amicissimus</span> 
     </span>
     <span class='ocr_line' id='line_1_41' title="bbox 285 2620 1644 2672; baseline 0.004 -13"><span class='ocrx_word' id='word_1_313' title='bbox 285 2627 394 2660; x_wconf 86' lang='lat' dir='ltr'>esset</span> <span class='ocrx_word' id='word_1_314' title='bbox 407 2620 550 2672; x_wconf 90' lang='lat' dir='ltr'>Bruto,</span> <span class='ocrx_word' id='word_1_315' title='bbox 577 2638 661 2664; x_wconf 91' lang='lat' dir='ltr'>non</span> <span class='ocrx_word' id='word_1_316' title='bbox 685 2624 808 2665; x_wconf 88' lang='lat' dir='ltr'>modo</span> <span class='ocrx_word' id='word_1_317' title='bbox 833 2624 934 2665; x_wconf 91' lang='lat' dir='ltr'>nihil</span> <span class='ocrx_word' id='word_1_318' title='bbox 958 2624 1022 2666; x_wconf 89' lang='lat' dir='ltr'>his</span> <span class='ocrx_word' id='word_1_319' title='bbox 1048 2624 1217 2665; x_wconf 89' lang='lat' dir='ltr'>indulsit</span> <span class='ocrx_word' id='word_1_320' title='bbox 1237 2624 1289 2665; x_wconf 87' lang='lat' dir='ltr'>ad</span> <span class='ocrx_word' id='word_1_321' title='bbox 1303 2624 1533 2665; x_wconf 87' lang='lat' dir='ltr'>Antonium</span> <span class='ocrx_word' id='word_1_322' title='bbox 1558 2623 1644 2664; x_wconf 80' lang='lat' dir='ltr'>vio-</span> 
     </span>
     <span class='ocr_line' id='line_1_42' title="bbox 285 2679 1688 2744; baseline 0.004 -25"><span class='ocrx_word' id='word_1_323' title='bbox 285 2679 465 2732; x_wconf 88' lang='lat' dir='ltr'>landum,</span> <span class='ocrx_word' id='word_1_324' title='bbox 493 2684 566 2725; x_wconf 85' lang='lat' dir='ltr'>sed</span> <span class='ocrx_word' id='word_1_325' title='bbox 586 2699 607 2726; x_wconf 88' lang='lat' dir='ltr'>c</span> <span class='ocrx_word' id='word_1_326' title='bbox 628 2686 831 2727; x_wconf 76' lang='lat' dir='ltr'>contrarIO</span> <span class='ocrx_word' id='word_1_327' title='bbox 851 2686 1074 2728; x_wconf 81' lang='lat' dir='ltr'>familiares</span> <span class='ocrx_word' id='word_1_328' title='bbox 1096 2686 1183 2727; x_wconf 88' lang='lat' dir='ltr'>eius</span> <span class='ocrx_word' id='word_1_329' title='bbox 1204 2701 1254 2727; x_wconf 79' lang='lat' dir='ltr'>cx</span> <span class='ocrx_word' id='word_1_330' title='bbox 1280 2685 1380 2727; x_wconf 88' lang='lat' dir='ltr'>urbe</span> <span class='ocrx_word' id='word_1_331' title='bbox 1405 2685 1642 2740; x_wconf 84' lang='lat' dir='ltr'>profugien-</span> <span class='ocrx_word' id='word_1_332' title='bbox 1686 2741 1688 2744; x_wconf 88' lang='lat'>.</span> 
     </span>
    </p>
   </div>
  </div>
 </body>
</html>
