1741 3184
661 194 896 230 PHOCION.
1399 186 1454 227 69

172 271 252 312 ΙΙΙ.
290 270 421 311 Erant
445 283 493 309 eo
512 275 695 321 tempore
708 268 887 309 Athenis
909 268 1013 310 duae
1039 268 1252 319 factiones,
1278 284 1451 323 quarum
1480 284 1493 312 1

105 348 187 374 una
203 333 345 387 populi
363 345 552 372 caussam
572 329 733 384 agebat,
760 330 886 370 altera
905 331 1174 384 optimatium.
1211 332 1252 372 in
1272 331 1349 373 hac
1367 339 1453 372 erat

103 392 289 440 Phocion
313 399 353 433 et
364 390 603 431 Demetrius
617 389 856 430 Phalereus.
894 390 1038 431 harum
1064 398 1235 445 utraque
1254 392 1453 433 Macedo-

102 469 203 494 num
231 452 466 508 patrociniis
497 451 706 492 utebatur:
737 466 833 491 nam
862 451 1083 505 populares
1108 451 1451 507 Polysperchonti

101 515 307 563 favebant,
335 514 552 568 optimates
578 527 671 554 cum
699 512 936 554 Cassandro
961 512 1203 554 sentiebant.
1240 515 1402 555 interim
1427 531 1450 556 a

99 575 452 631 Polysperchonte
490 574 751 616 Cassandrus
786 573 1034 615 Macedonia
1069 574 1213 628 pulsus
1249 581 1322 615 est.
1371 590 1451 628 quo

99 637 208 678 facto
232 636 410 691 populus
437 636 623 690 superior
645 635 779 676 factus
805 635 943 676 statim
962 635 1088 676 duces
1108 635 1366 677 adversariae
1392 637 1453 676 fa-

100 697 246 740 ctionis
272 697 416 751 capitis
443 697 658 738 damnatos
683 696 815 752 patria
833 696 1024 750 propulit,
1051 695 1093 736 in
1117 696 1181 737 his
1195 695 1450 737 Phocionem

99 766 139 801 et
162 759 423 800 Demetrium
448 759 715 807 Phalercum,
748 759 881 812 deque
913 773 961 798 ca
990 772 1033 798 re
1063 757 1222 813 legatos
1247 757 1300 798 ad
1324 757 1450 813 Poly-

100 820 386 876 sperchontem
410 820 533 869 misit,
559 820 630 873 qui
648 819 699 861 ab
720 834 768 860 eo
792 825 988 874 peterent,
1014 825 1059 859 ut
1078 834 1154 860 sua
1173 819 1335 860 decreta
1355 834 1451 861 con-

98 882 289 923 firmaret.
325 882 408 923 huc
432 882 577 923 eodem
600 881 810 936 profectus
837 887 899 921 est
910 880 1110 921 Phocion.
1148 894 1229 933 quo
1254 888 1299 921 ut
1323 881 1447 929 venit,
1474 892 1494 921 3

98 958 289 984 caussam
324 943 435 998 apud
458 942 700 997 Philippum
734 956 877 997 regem
906 941 1051 991 verbo,
1088 956 1132 982 re
1162 942 1253 996 ipsa
1284 940 1450 995 quidem

97 1005 208 1059 apud
231 1004 629 1059 Polysperchontem
654 1004 792 1044 iussus
819 1009 882 1044 est
907 1003 1061 1044 dicere:
1093 1017 1271 1056 namque
1294 1003 1330 1043 is
1361 1009 1449 1043 tum

97 1066 207 1121 regis
232 1065 355 1107 rebus
379 1071 577 1119 praeerat.
614 1064 682 1105 hic
707 1064 758 1105 ab
783 1063 966 1119 Agnone
991 1070 1222 1112 accusatus,
1249 1063 1361 1116 quod
1378 1063 1450 1104 Pi-
1474 1076 1494 1104 4

95 1141 237 1167 raeum
255 1126 449 1167 Nicanori
472 1125 734 1180 prodidisset,
761 1139 813 1166 ex
837 1124 995 1166 consilii
1021 1124 1223 1165 sententia
1245 1124 1289 1164 in
1313 1130 1450 1165 custo-

95 1188 206 1228 diam
231 1187 452 1236 coniectus,
479 1186 668 1228 Athenas
688 1186 888 1227 deductus
909 1192 983 1236 est,
1008 1192 1055 1227 ut
1072 1185 1130 1227 ibi
1149 1186 1199 1226 de
1219 1200 1267 1227 eo
1286 1185 1448 1240 legibus

94 1249 210 1290 fieret
232 1248 441 1289 iudicium.

160 1309 238 1351 IV.
274 1309 372 1350 Huc
396 1316 639 1364 perventum
664 1316 738 1359 est,
766 1324 860 1350 cum
884 1315 1050 1364 propter
1073 1314 1247 1350 aetatem
1271 1307 1445 1363 pedibus
1472 1323 1488 1350 >1

93 1371 176 1412 iam
199 1386 281 1412 non
305 1371 460 1411 valeret
483 1371 753 1424 vehiculoque
776 1377 1018 1425 portaretur.
1056 1370 1197 1425 magni
1222 1384 1445 1410 concursus

95 1441 190 1473 sunt
214 1431 330 1481 facti,
363 1447 456 1473 cum
481 1432 567 1482 alii,
599 1432 908 1473 reminiscentes
933 1431 1082 1472 veteris
1112 1432 1267 1480 famae,
1300 1431 1444 1472 aetatis

93 1494 398 1543 misererentur,
430 1493 595 1548 plurimi
619 1508 717 1534 vero
747 1493 807 1534 ira
832 1500 1127 1533 exacuerentur
1157 1501 1323 1547 propter
1352 1507 1446 1547 pro-

92 1555 257 1596 ditionis
295 1556 572 1610 suspicionem
600 1554 755 1604 Piraei,
792 1555 1052 1608 maximeque
1094 1555 1205 1608 quod
1246 1554 1444 1595 adversus

91 1616 234 1672 populi
254 1617 472 1658 commoda
496 1617 537 1657 in
564 1624 772 1658 senectute
792 1622 971 1658 steterat.
1008 1631 1091 1670 qua
1109 1616 1159 1657 de
1183 1630 1228 1657 re
1252 1630 1303 1656 ne
1327 1630 1446 1670 pero·
1470 1630 1488 1659 2

90 1679 207 1719 randi
231 1679 398 1732 quidem
417 1679 454 1719 ei
479 1679 573 1719 data
593 1685 655 1720 est
679 1678 854 1719 facultas
880 1685 920 1718 et
939 1678 1101 1718 dicendi
1120 1691 1323 1718 caussam.
1349 1677 1444 1717 inde

90 1740 241 1781 iudicio
270 1740 464 1795 legitimis
496 1740 746 1794 quibusdam
777 1739 975 1780 confectis
1001 1740 1237 1787 damnatus,
1270 1739 1442 1779 traditus

92 1808 155 1842 est
184 1801 495 1850 undecimviris,
534 1801 683 1854 quibus
715 1801 768 1842 ad
800 1800 1046 1857 supplicium
1077 1814 1190 1841 more
1213 1799 1444 1840 Athenien-

89 1863 196 1903 sium
229 1862 395 1917 publice
426 1862 608 1903 damnati
639 1862 745 1903 tradi
781 1862 925 1903 solent.
970 1861 1036 1902 hic
1066 1875 1161 1902 cum
1186 1861 1239 1902 ad
1269 1868 1440 1902 mortem
1468 1874 1486 1902 3

88 1924 321 1974 duceretur,
347 1924 493 1965 obvius
521 1925 558 1965 ci
583 1924 661 1965 fuit
684 1924 953 1978 Euphiletus,
985 1938 1067 1976 quo
1098 1922 1354 1964 familiariter
1376 1923 1442 1963 fu-

88 1991 174 2026 erat
187 2000 300 2026 usus.
330 1985 366 2026 is
380 2000 473 2026 cum
493 1987 710 2027 lacrimans
731 1986 921 2027 dixisset:
949 1984 1016 2035 „O
1032 1999 1155 2038 quam
1169 1985 1338 2039 indigna
1351 1998 1442 2038 pcr-

86 2046 250 2101 peteris,
263 2045 496 2088 Phocion1“
517 2048 611 2088 huic
630 2047 697 2088 ille
720 2046 806 2098 „At
818 2062 899 2088 non
912 2046 1147 2100 inopinata“
1163 2045 1307 2098 inquit.
1332 2045 1442 2086 hunc

87 2107 197 2148 enim
222 2108 377 2148 exitum
402 2109 587 2163 plerique
607 2109 705 2150 clari
724 2108 801 2149 viri
825 2107 1057 2149 habuerunt
1070 2106 1361 2148 Athenienses.
1398 2107 1441 2147 in
1465 2121 1485 2149 4

86 2169 164 2210 hoc
183 2175 340 2210 tantum
360 2169 437 2211 fuit
456 2171 596 2212 odium
616 2170 902 2219 multitudinis,
929 2175 974 2210 ut
992 2183 1114 2210 nemo
1134 2184 1260 2210 ausus
1275 2169 1327 2209 sit
1346 2183 1439 2210 eum

86 2230 190 2271 liber
214 2231 398 2285 sepelire.
435 2231 574 2286 itaque
599 2248 623 2273 a
649 2232 778 2274 servis
805 2231 990 2286 sepultus
1017 2237 1090 2272 est.

1476 529 1494 556 10

491 2376 600 2417 XX.
650 2374 1036 2418 TIMOLEON.

152 2475 186 2515 Ι.
225 2475 442 2516 Timoleon
475 2475 727 2517 Corinthius.
772 2475 859 2517 sine
890 2475 1016 2517 dubio
1046 2490 1223 2530 magnus
1254 2474 1434 2516 omnium
1464 2489 1476 2517 1

84 2536 234 2577 iudicio
265 2537 333 2577 hic
357 2537 419 2577 vir
449 2537 616 2578 exstitit.
663 2551 842 2590 namque
872 2537 967 2577 huic
998 2536 1068 2577 uni
1101 2536 1288 2590 contigit,
1326 2536 1435 2588 quod

84 2598 224 2639 nescio
249 2613 301 2639 an
326 2598 416 2648 ussi,
448 2606 491 2639 ut
517 2605 557 2639 et
586 2599 778 2653 patriam,
809 2599 852 2639 i'n
876 2612 957 2652 qua
987 2604 1073 2638 crat
1096 2604 1235 2646 natus,
1268 2611 1435 2651 oppres-

87 2675 174 2701 sam
201 2676 226 2702 a
256 2667 427 2716 tyranno
457 2660 666 2711 liberaret,
704 2667 744 2702 et
774 2676 798 2702 a
825 2659 1063 2715 Syracusis,
1101 2659 1250 2714 quibus
1282 2658 1434 2700 auxilio
