1788 3200
337 217 391 257 60
774 220 1016 256 CORNELII
1035 220 1248 257 NEPOTIS

337 299 564 351 eodemque
599 297 767 338 comites
794 311 937 337 omnes
971 297 1262 339 accubuissent
1287 297 1438 338 vestitu
1463 297 1608 340 humili
1633 305 1692 340 at-

334 376 413 414 que
445 360 648 409 obsoleto,
681 367 725 400 111
756 374 896 400 00111111
923 366 1090 401 ornatus
1122 375 1205 401 non
1235 361 1358 401 modo
1390 360 1431 400 in
1459 360 1526 401 his
1551 375 1691 416 regem

334 422 540 463 neminem
567 422 829 477 significaret,
857 421 929 462 sed
955 421 1141 463 homines
1163 437 1244 463 non
1268 422 1530 463 beatissimos
1557 423 1692 477 suspi-

289 498 307 525 3
333 485 493 525 cionem
517 483 745 538 praeberet.
785 483 906 524 huius
932 484 983 524 de
1009 484 1190 525 adventu
1220 484 1332 525 fama
1358 488 1452 525 cum
1477 485 1528 525 ad
1553 484 1689 540 regios

334 553 444 587 esset
473 545 648 600 perlata,
683 545 869 586 celeriter
899 560 1070 586 munera
1095 561 1143 587 eo
1174 546 1374 600 cuiusque
1405 546 1568 602 generis
1596 552 1691 587 sunt

333 608 467 649 allata.
516 608 580 648 his
618 607 910 661 quaerentibus
943 607 1191 663 Agesilaum
1223 608 1292 649 vix
1327 608 1430 649 fides
1467 608 1577 649 facta
1614 615 1688 657 est,

288 684 306 711 -1
333 686 460 711 unum
491 685 583 712 esse
616 685 667 710 ex
697 670 780 719 his,
819 670 889 722 qui
921 675 1009 710 tum
1040 669 1309 711 accubabant.
1359 671 1429 724 qui
1454 686 1548 712 cum
1578 671 1688 725 regis

330 733 485 782 verbis,
518 746 623 785 quae
649 732 888 781 attulerant,
921 732 1151 781 dedissent,
1183 732 1251 773 ille
1282 740 1445 787 praeter
1475 733 1688 774 vitulinam

331 801 371 834 ct
395 794 598 835 eiusmodi
629 807 782 848 genera
811 793 991 847 opsonii,
1025 808 1130 846 quae
1160 808 1359 848 praesens
1393 801 1555 848 tempus
1582 795 1689 836 desi-

331 855 518 905 derabat,
555 855 657 895 nihil
687 855 865 909 accepit3
903 862 1133 910 unguenta,
1172 870 1344 897 coronas
1383 856 1688 910 secundamque

286 932 304 960 ε)
332 933 516 959 mensam
549 918 678 958 servis
711 917 930 972 dispertiit3
964 924 1100 958 cetera
1127 917 1272 959 referri
1295 918 1428 958 iussit.
1471 932 1553 972 quo
1579 918 1689 959 facto

331 995 424 1021 eum
449 979 613 1021 barbari
638 980 771 1035 magis
799 979 921 1020 ctiam
942 987 1288 1034 contempserunt,
1316 980 1427 1034 quod
1453 995 1547 1020 eum
1573 980 1689 1035 igno-

328 1042 461 1083 rantia
486 1042 688 1083 bonarum
714 1057 850 1082 rerum
875 1042 945 1082 illa
974 1042 1237 1096 potissimum
1265 1042 1493 1096 sumpsisse
1519 1042 1690 1083 arbitra-

286 1120 303 1147 0·
329 1104 489 1146 bantur.
527 1104 595 1145 1110
621 1119 715 1145 011111
741 1119 791 1145 ex
812 1103 1009 1159 Aegypto
1034 1111 1318 1153 reverteretur,
1346 1105 1522 1146 donatus
1549 1120 1573 1145 a
1591 1119 1689 1159 rege

328 1166 609 1208 Nectanabide
636 1167 823 1207 ducentis
845 1166 990 1221 viginti
1016 1166 1192 1216 talentis,
1220 1181 1325 1220 quae
1351 1166 1418 1207 illc
1438 1167 1596 1207 muneri
1616 1181 1690 1221 po-

328 1229 425 1283 pulo
452 1244 527 1269 suo
553 1229 679 1278 daret,
706 1229 969 1282 venissetque
994 1229 1037 1269 in
1060 1236 1238 1283 portum,
1265 1229 1335 1282 qui
1359 1228 1542 1269 Menelai
1567 1243 1689 1269 voca-

328 1298 393 1331 tur
416 1291 554 1331 iacens
581 1291 685 1331 inter
712 1290 898 1345 Cyrenas
925 1297 965 1331 et
988 1290 1245 1346 Aegyptum,
1271 1291 1315 1331 in
1340 1290 1528 1331 morbum
1554 1290 1689 1344 impli-

284 1367 299 1394 7
328 1353 432 1393 citus
458 1352 648 1393 decessit.
692 1351 749 1392 ibi
775 1367 869 1392 eum
896 1352 1034 1401 amici,
1067 1367 1149 1405 quo
1177 1351 1370 1407 Spartam
1401 1351 1564 1392 facilius
1596 1366 1688 1406 pcr-

327 1414 433 1455 ferre
453 1420 636 1468 possent,
653 1414 763 1467 quod
784 1414 866 1455 mel
885 1429 968 1455 non
982 1414 1203 1464 habebant,
1226 1429 1319 1456 cera
1333 1413 1687 1455 circumfuderunt

328 1484 451 1530 atque
476 1476 533 1517 ita
559 1476 727 1517 domum
753 1476 993 1518 retulerunt.

718 1625 891 1666 XVIII.
939 1624 1225 1666 EUMENE
1238 1624 1287 1667 S.

284 1741 294 1768 1
393 1727 426 1767 I.
464 1726 677 1767 Eumenes
700 1726 946 1768 Cardianus.
985 1727 1109 1768 huius
1137 1727 1171 1767 si
1198 1726 1336 1767 virtuti
1362 1742 1437 1781 par
1462 1727 1556 1768 data
1577 1734 1686 1768 essct

323 1788 501 1837 fortuna,
528 1804 609 1829 non
634 1788 701 1828 ille
726 1789 893 1841 quidem
920 1790 1062 1838 maior,
1091 1790 1163 1830 sed
1189 1790 1318 1830 multo
1343 1789 1539 1830 illustrior
1563 1796 1685 1843 atque

324 1851 446 1891 etiam
473 1850 720 1899 honoratior,
747 1851 859 1904 quod
889 1866 1065 1906 magnos
1091 1851 1278 1892 homines
1305 1851 1454 1891 virtute
1479 1852 1683 1900 metimur,

279 1926 297 1954 2
324 1929 406 1954 non
424 1913 602 1953 fortuna.
639 1928 736 1953 nam
757 1927 852 1953 cum
877 1920 990 1954 aetas
1011 1913 1098 1954 eius
1119 1913 1331 1954 incidisset
1350 1913 1391 1953 in
1411 1928 1460 1953 ea
1485 1920 1682 1968 tempora,

322 1975 472 2029 quibus
498 1975 753 2016 Macedones
785 1975 987 2024 florerent,
1014 1975 1189 2016 multum
1215 1975 1252 2016 ei
1277 1975 1452 2016 detraxit
1483 1976 1588 2016 inter
1613 1990 1683 2016 cos

323 2038 488 2088 viventi,
515 2037 627 2091 quod
647 2037 803 2078 alienae
823 2044 910 2079 erat
931 2037 1119 2087 civitatis,
1147 2052 1280 2091 neque
1300 2037 1411 2078 aliud
1431 2037 1527 2077 huic
1553 2037 1684 2077 defuit

279 2112 296 2141 :3
323 2114 447 2154 quam
478 2114 681 2155 generosa.
712 2100 847 2154 stirps.
893 2100 970 2141 etsi
994 2100 1061 2141 ille
1087 2100 1313 2141 domestico
1346 2114 1507 2140 summo
1532 2114 1683 2154 genere

323 2169 426 2212 erat,
460 2168 598 2202 tamen
622 2162 877 2203 Macedones
910 2177 1004 2203 cum
1036 2162 1114 2203 sibi
1146 2162 1367 2215 aliquando
1399 2161 1592 2215 anteponi
1622 2161 1684 2201 in-

321 2224 444 2280 digne
459 2224 657 2273 ferebant,
673 2239 804 2277 neque
819 2231 956 2265 tamen
970 2240 1052 2265 non
1066 2224 1338 2279 patiebantur.
1364 2223 1559 2264 vincebat
1573 2223 1683 2263 enim

323 2301 466 2327 omncs
493 2301 611 2336 cura,
645 2286 878 2341 vigilantia,
910 2287 1126 2341 patientia,
1160 2286 1380 2326 calliditate
1406 2292 1445 2326 ct
1477 2285 1682 2325 eeleritate

276 2362 295 2389 1
321 2348 489 2404 ingenii.
532 2348 599 2389 1110
624 2348 1032 2403 peradolcscentulus
1059 2349 1110 2389 ad
1137 2348 1358 2388 amicitiam
1386 2347 1560 2388 accessit
1583 2346 1683 2387 Phi-

319 2411 432 2465 lippi,
455 2410 664 2465 Amyntae
686 2410 770 2459 filii,
799 2410 996 2464 brevique
1017 2417 1199 2465 tempore
1220 2410 1261 2450 in
1286 2410 1471 2450 intimam
1495 2409 1682 2463 pervenit

320 2473 652 2514 familiaritatem.
691 2472 878 2527 fulgebat
898 2473 1006 2513 enim
1028 2473 1107 2513 iam
1128 2473 1170 2513 in
1190 2471 1496 2513 adolescentulo
1520 2470 1680 2511 indoles

276 2549 294 2576 5
322 2537 496 2577 virtutis.
534 2536 671 2589 itaque
698 2550 791 2576 eum
817 2535 961 2576 habuit
986 2536 1037 2576 ad
1064 2551 1231 2576 manum
1258 2534 1416 2575 scribac
1441 2534 1542 2581 loco,
1571 2533 1680 2586 quod

320 2598 447 2639 multo
475 2598 585 2652 apud
612 2596 761 2639 Graios
788 2597 1124 2638 honorificentius
1151 2604 1211 2638 cst
1238 2611 1362 2650 quam
1389 2595 1499 2650 apud
1525 2595 1678 2635 Roma-

320 2676 407 2700 nos.
447 2675 623 2713 namque
644 2660 754 2714 apud
773 2674 861 2709 nOS‚
887 2674 1030 2700 revera
1051 2660 1156 2700 sicut
1182 2666 1289 2708 sunt,
1316 2656 1554 2698 mercenarii
1581 2655 1678 2695 scri-

321 2721 396 2762 bae
417 2722 721 2771 existimantur3
748 2728 786 2762 at
808 2722 917 2776 apud
937 2722 1027 2762 illos
1048 2737 1068 2762 0
1089 2721 1291 2762 contrario
1316 2734 1436 2760 nemo
1457 2718 1506 2758 ad
1527 2717 1565 2757 id
1588 2717 1683 2756 offi-
