1721 3210
610 237 831 264 ADNOTATIO
858 237 978 264 CRITIC
984 237 1020 263 A.

96 312 270 355 corrupta
284 308 467 352 scriptura
481 307 563 341 eod.
578 307 756 342 Marciani
770 307 804 342 A

94 360 221 387 statuat
229 354 432 396 ³>e1·0]llaqn.
441 351 701 396 AThucydide
713 364 801 397 quo-

96 409 167 443 que
180 398 210 441 I,
225 397 300 431 138.
315 407 426 430 unum
445 397 554 430 modo
567 401 760 440 μνημεῖον,
781 408 803 431 a

93 441 804 487 Plutarcho'rhem.e.32w'rposzagmpbs

94 489 326 527 memoratur,
338 496 557 529 quamquam
573 487 666 520 haec
674 498 803 530 parum

92 530 289 564 faciuntad
299 529 802 565 stabiliendamillamlectio-

92 585 187 608 nem.
223 574 382 608 Rothius
415 585 496 608 cum
519 575 672 620 reliquis
698 575 803 610 libris

93 622 130 653 et
144 619 291 663 scriptis
307 623 343 652 et
357 619 464 653 editis
479 626 620 654 statuae.

137 663 356 697 PAnsfflAs.
387 663 416 706 I,
431 664 463 698 3.
483 666 541 697 sed
558 666 706 709 primum
718 666 753 699 in
766 678 803 699 eo

92 709 322 752 reprehensus,
332 710 432 753 quod,
447 721 522 742 cum
537 714 603 744 cet.
615 721 695 744 eum
712 711 803 754 opti—

92 753 160 787 mis
181 752 285 786 libris
307 756 456 786 tuentur
474 753 634 788 Rothius
660 759 698 788 et
716 755 803 799 Nip-

92 798 208 842 perd.,
231 797 293 842 qui
312 801 398 842 post
417 799 568 832 verbum
581 801 710 833 dedisse
728 800 803 843 ple-

94 853 179 876 nam
215 842 553 886 interpunctionem
583 844 803 878 exhibentes

96 886 312 931 scriptorem
329 887 449 920 subito
464 891 604 922 mutata
619 893 804 922 structura

97 931 350 976 negligentius
365 932 570 966 orationem
591 933 802 967 continuas-

99 987 137 1010 se
158 980 327 1017 censent,
350 987 458 1020 quam
479 977 642 1021 legitime
658 977 801 1011 debuis-

95 1025 152 1054 set
175 1021 228 1055 ita
254 1020 503 1054 conformare:
535 1023 640 1065 quod,
665 1033 741 1055 cum

89 1066 273 1110 posuisset,
305 1066 515 1108 epiyramma
544 1067 719 1111 scripsit
744 1066 801 1099 vel

91 1110 348 1153 scripsisset.
385 1109 516 1143 Talem
548 1121 635 1144 vero
667 1121 801 1145 anaco-

94 1153 250 1188 luthiam
264 1153 300 1187 in
309 1156 412 1187 tanta
421 1154 608 1188 enunciati
616 1155 801 1189 brevitate

91 1198 151 1231 vix
175 1198 428 1240 excusaveris,
456 1210 570 1243 quare
597 1211 678 1233 cum
703 1200 801 1233 Heu-

93 1243 241 1287 singero
256 1242 388 1276 minori
402 1243 503 1277 facta
521 1243 703 1279 incisione
717 1250 803 1289 post

91 1289 220 1321 dedisse
237 1288 336 1321 hunc
354 1288 577 1322 verboruum
595 1300 729 1323 nexum
748 1301 801 1323 re-

92 1332 243 1367 stituere
270 1332 385 1367 satius
410 1333 540 1367 habui:
570 1335 629 1368 sed
655 1336 801 1379 primum

90 1379 127 1411 in
145 1389 183 1412 eo
207 1384 255 1411 est
275 1379 511 1422 reprehensus,
537 1381 642 1423 quod,
668 1392 743 1413 cum
763 1392 803 1413 ex

89 1424 223 1467 praeda
237 1448 245 1456 .
255 1449 262 1456 .
272 1448 279 1456 .
294 1424 431 1462 dedisse,
444 1424 503 1456 hos
516 1435 633 1457 versus
645 1424 731 1457 Lac.
746 1437 801 1458 ex-

90 1469 322 1511 sculpserunt,
349 1478 458 1511 quam
483 1468 664 1502 rationem
690 1468 801 1512 pluri-

91 1511 256 1545 busviris
267 1511 800 1557 doctisnupercomprobatam

91 1567 174 1590 esse
190 1556 297 1589 video
308 1583 316 1599 ,
338 1568 561 1601 quamquam
575 1558 634 1591 vel
655 1558 707 1591 sic
722 1569 801 1592 sen-

90 1601 230 1635 tentiae
251 1600 368 1644 ipsius
396 1601 667 1645 simplieitatem
689 1614 800 1647 quan-

92 1647 176 1679 dam
213 1649 250 1679 et
279 1646 583 1690 perspicuitatem
616 1648 800 1681 desidera-

91 1701 190 1733 mus,
212 1690 334 1735 qualis
355 1692 402 1724 sit
422 1696 585 1735 oportet:
605 1692 801 1735 reprehen-

92 1746 155 1768 sus
181 1740 239 1769 est
262 1735 299 1768 in
319 1746 381 1778 eo,
409 1736 509 1780 quod
536 1736 800 1780 epigrammate

90 1779 255 1824 gloriose
276 1780 411 1824 scripto
427 1781 735 1814 Lacedaemoniis
749 1782 800 1815 lo-

91 1835 173 1857 cum
188 1835 215 1857 s.
231 1834 400 1858 caussam
416 1825 581 1859 dedisset
594 1825 662 1859 hos
673 1836 800 1859 versus

91 1868 250 1902 delendi.
286 1868 413 1913 Ipsum
439 1869 665 1914 epigramma
687 1871 799 1905 Grae-

92 1924 191 1956 cum,
212 1924 234 1947 a
252 1913 443 1947 Pausania
456 1915 523 1958 111,
537 1916 570 1958 ὃ,
586 1915 604 1948 1
620 1914 799 1949 Simonidi

89 1958 317 1992 vindicatum
343 1958 406 2002 (cf.
432 1957 703 1994 Schneidewini
727 1960 799 1994 De-

90 2003 176 2037 lect.
200 2014 302 2046 poeS.
331 2003 395 2038 Gr.
420 2015 454 2047 p.
475 2003 557 2051 418)
577 2005 614 2038 in
640 2005 800 2039 medium

89 2048 246 2092 protulit
255 2048 499 2093 Thucydides
514 2050 543 2092 1,
554 2049 619 2083 134
626 2049 801 2084 Ἑλλάνων

90 2092 242 2139 ἀρχαγὸς
262 2096 341 2126 ἐπεὶ
363 2094 519 2139 στρατὸν
538 2094 646 2128 ὤλεσε
663 2094 801 2138 siffridum]

90 2141 296 2174 Παυσανίης
333 2142 462 2182 Φοίβῳ
496 2139 603 2182 μνᾶμ’
643 2139 800 2182 ἀνέθηκε

89 2181 194 2224 τόδε,
213 2183 312 2217 unde
332 2183 614 2218 Fleckeisenius
633 2189 719 2219 ante
740 2187 799 2219 do-

88 2240 170 2261 num
196 2227 377 2262 excidisse
403 2233 511 2272 putat
534 2231 577 2263 id.
596 2231 607 2273 ΙΙ
625 2229 680 2273 ΙΙ,
704 2229 737 2264 4.
762 2229 799 2263 in

89 2272 213 2305 verbis
242 2284 278 2306 se
307 2274 489 2307 adiuvante
519 2280 548 2308 te
583 2276 800 2308 redacturum

90 2326 195 2359 prou.
216 2324 262 2358 te,
284 2317 383 2360 quod
397 2328 418 2351 a
432 2317 536 2351 libris
553 2319 677 2362 abest,
697 2319 799 2353 nimi—

90 2371 170 2393 rum
185 2360 401 2404 absorptum
416 2363 673 2397 antecedentis
690 2374 799 2397 voca-

91 2404 170 2438 buli
185 2404 443 2439 terminatione
454 2432 462 2447 ,
477 2407 609 2447 adieci,
625 2408 799 2452 quoniam

92 2452 129 2482 et
142 2448 325 2483 sententia
339 2450 504 2492 postulat
517 2454 553 2484 et
567 2451 798 2495 Thucydidis

90 2493 196 2527 loeus
210 2493 254 2539 (1,
272 2494 350 2539 128)
360 2504 381 2527 a
396 2495 575 2538 scriptore
589 2506 797 2539 expressus,

90 2538 189 2572 unde
216 2538 324 2571 simul
356 2543 529 2582 apparet,
563 2541 744 2573 adiuvante
770 2546 799 2573 te

91 2583 448 2617 connectendaesse.
468 2585 478 2627 ΙΙ
497 2581 685 2626 111,4.cum
698 2586 799 2618 clava

91 2632 191 2662 recte
207 2627 317 2672 Nipp.
338 2639 382 2661 ex
403 2627 578 2662 subsidiis
600 2629 707 2662 codd.
722 2628 796 2662 Da-

89 2672 188 2716 niel.‚
201 2672 336 2717 Guelf.,
346 2672 500 2717 Schott.‚
516 2673 553 2707 in
563 2673 697 2718 quibus
707 2675 811 2715 lava„

1479 231 1528 260 XI

855 320 901 343 uo
923 314 960 343 et
979 312 1061 343 lana
1081 310 1189 344 codd.
1204 308 1386 354 Sangall.‚
1411 309 1533 352 Leid.,

864 364 937 387 OSS.
952 354 1142 398 utriusque
1164 354 1275 388 ducit.
1308 353 1531 397 Marcianus,

826 398 1535 442 Kil.‚Boeel.,Cantabr.,colleg.Rom.et

828 443 1047 487 ed.Argent.
1062 446 1193 484 lancea,
1208 443 1405 478 ed.Ultrai.
1419 442 1534 477 etVe—

828 486 1533 532 neta(a.1·171)exAldoscytalaauctore

827 530 1047 577 Thucydide
1068 532 1112 577 (1⁷
1129 532 1226 574 131),
1249 544 1358 576 quam
1380 532 1533 575 scriptu-

829 588 906 611 ram
920 576 1145 611 recentiores
1160 576 1322 610 editores
1341 576 1533 609 maximam

828 626 970 665 partem
989 620 1147 665 amplexi
1169 625 1264 654 sunt.
1296 620 1369 655 Sed
1389 624 1425 654 et
1444 620 1534 653 alibi

830 667 976 701 Graeca
990 666 1172 700 vocabula
1186 665 1330 699 Latinis
1350 665 1402 698 ita
1415 664 1534 698 reddi—

830 712 884 745 dit
896 712 1035 755 Nepos,
1050 714 1092 744 ut
1105 709 1345 756 ὀστρακισμὸν
1357 712 1534 755 testarum

830 755 1015 800 suffragiis
1038 755 1166 789 Them.
1196 755 1234 798 8,
1256 755 1286 788 1.
1311 753 1424 787 Arist.
1446 754 1482 796 1,
1502 755 1534 785 2.

830 800 918 834 Cim.
931 802 964 844 3,
981 801 1010 834 1.
1028 801 1040 844 Η
1058 800 1089 834 6.
1103 799 1263 839 εἰλῶται,
1280 800 1341 844 qui
1355 798 1437 832 aliis
1452 802 1536 830 sunt

829 845 986 888 εἵλωτες,
1007 844 1137 889 scripsi
1157 855 1235 878 cum
1253 844 1360 878 codd.
1379 842 1534 876 nonnul-

829 890 892 931 lis,
919 900 1141 934 quamquam
1159 889 1196 922 in
1217 889 1274 922 his
1297 889 1443 923 Graeca
1464 899 1534 921 vox

829 935 1004 969 mendose
1015 937 1175 967 exarata.
1195 931 1343 977 Reliqui
1360 933 1442 966 libri
1455 934 1534 966 illo-

829 986 896 1020 tae,
917 979 1017 1022 quod
1037 989 1080 1012 ex
1094 977 1241 1011 Daniel.
1256 977 1414 1010 Rothius
1434 988 1534 1011 rece-

827 1023 898 1066 pit,
919 1024 1036 1062 ilotae,
1057 1023 1165 1055 elotae
1179 1026 1216 1055 et
1234 1021 1330 1063 sim.‚
1357 1021 1535 1065 Nipperd.

826 1069 960 1101 hilotae.
979 1068 990 1111 ΙΙ
1008 1066 1073 1109 IV,
1089 1066 1119 1099 6.
1133 1078 1194 1100 nec
1208 1065 1377 1109 Zumptio
1395 1065 1457 1100 Gr.
1471 1065 1535 1099 lat.

828 1115 858 1155 ξ.
883 1111 960 1145 535.
985 1111 1023 1146 in
1046 1123 1128 1144 neve
1152 1111 1367 1144 mutandum
1392 1111 1537 1144 videtur

828 1157 911 1190 coll.
937 1156 1070 1190 Thras.
1088 1156 1120 1197 3,
1143 1156 1173 1188 1.
1191 1155 1223 1188 2.
1248 1155 1376 1199 Epam.
1398 1155 1428 1194 1,
1449 1155 1479 1188 1.
1500 1158 1537 1188 et

827 1201 965 1236 Handii
979 1200 1140 1234 Tursell.
1153 1203 1178 1233 t.
1192 1199 1256 1234 IV.
1270 1211 1306 1244 p.
1322 1200 1397 1233 120.
1415 1201 1426 1243 Η
1445 1200 1489 1239 V,
1505 1199 1535 1233 2.

827 1259 901 1279 eum
915 1250 1001 1280 ante
1020 1245 1246 1290 sequebantur
1265 1244 1391 1278 addidi
1405 1256 1447 1278 ex
1462 1244 1535 1278 Da-

827 1291 912 1325 niel.
939 1302 1020 1324 cum
1048 1288 1225 1334 Nipperd.
1248 1290 1260 1334 ΙΙ
1286 1289 1458 1334 Βσὶρῖιῖσὶ,
1485 1301 1535 1322 sc.

829 1335 968 1370 oraculi
985 1335 1047 1379 (cf.
1061 1335 1176 1368 Index
1192 1346 1219 1368 s.
1232 1334 1282 1377 V.)
1298 1345 1424 1368 omnes
1438 1334 1535 1377 libri,

828 1380 1031 1415 Lambinus
1046 1380 1100 1413 dei
1116 1380 1276 1423 Delphici
1292 1383 1445 1413 auctore
1461 1378 1535 1412 Cio.

828 1426 872 1459 de
888 1426 960 1470 leg.
975 1425 1004 1468 Ι,
1018 1425 1073 1468 22,
1088 1423 1132 1457 58
1147 1428 1236 1457 extr.

873 1470 1002 1504 CmoN.
1034 1470 1062 1512 1,
1086 1469 1115 1502 1.
1134 1469 1388 1501 Atheniensibus
1409 1479 1535 1501 omnes

827 1514 910 1548 libri
936 1517 1084 1558 praeter
1107 1524 1218 1546 unum
1238 1513 1330 1553 Kil.‚
1358 1513 1419 1557 qui
1437 1514 1535 1546 Athe-

826 1561 999 1593 niensium.
1020 1560 1031 1602 ΙΙ
1049 1557 1097 1599 ΙΙ,
1117 1557 1149 1590 5.
1174 1569 1242 1601 qua
1268 1568 1311 1591 ex
1337 1557 1452 1601 Magii
1477 1558 1534 1591 ed.

826 1603 949 1648 recepi
971 1614 1051 1637 eum
1073 1602 1116 1635 Ni
1131 1602 1266 1646 iperd„
1281 1602 1439 1635 Rothius
1454 1613 1535 1635 eum

827 1649 930 1682 libris
957 1660 1053 1693 quae.
1072 1648 1084 1691 11
1102 1614 1173 1689 IJV,
1199 1646 1230 1679 2.
1256 1648 1402 1692 aliquem
1428 1646 1535 1690 offen—

825 1705 898 1726 sum
915 1694 1056 1737 fortuna
1077 1701 1165 1725 cave
1185 1691 1364 1734 explices:
1386 1691 1443 1725 cui
1463 1691 1535 1724 for-

826 1742 916 1771 tuna
933 1737 1090 1771 adversa
1110 1747 1137 1769 s.
1157 1735 1306 1769 inimica
1321 1739 1430 1779 esset,
1450 1747 1534 1769 narn

825 1786 901 1816 tum
916 1784 1172 1826 exspectamus
1186 1786 1215 1813 et
1228 1781 1337 1813 minus
1352 1780 1430 1814 bene
1443 1786 1535 1821 vest.,

827 1838 907 1860 eum
919 1826 1061 1869 fortmw
1075 1825 1141 1858 h.1.
1154 1824 1244 1858 nihil
1254 1825 1353 1859 aliud
1365 1825 1413 1858 sit
1426 1836 1535 1870 quam

824 1873 912 1915 forte
926 1883 952 1904 s.
966 1871 1107 1913 fortuito
1122 1870 1239 1914 (quod
1258 1869 1382 1913 posuit
1396 1870 1533 1915 Nipp.)‚

825 1916 873 1950 ad
895 1917 1124 1950 Graecorum
1149 1915 1355 1958 exemplum
1376 1917 1414 1948 ἐκ
1433 1916 1535 1956 τύχης

826 1973 883 2005 ap.
898 1961 995 1994 Plut.
1011 1960 1086 1993 Cic.
1100 1971 1136 2004 p.
1149 1959 1238 1993 8838
1253 1986 1260 1992 .
1275 1958 1418 1993 Aelian.
1431 1958 1476 1993 V.
1486 1959 1532 1992 H.

824 2007 856 2046 2,
879 2007 922 2039 13
942 2009 1031 2039 extr.
1057 2008 1094 2038 ct
1118 2004 1208 2037 κατά
1235 2018 1315 2037 ”cura
1340 2005 1450 2046 τύχην
1474 2015 1534 2048 ap.

826 2051 922 2085 Plut.
938 2050 1090 2091 Quaest.
1106 2048 1238 2083 Gracc.
1254 2050 1343 2082 298e
1357 2074 1365 2082 .

869 2095 1080 2129 LYSANDER.
1129 2094 1163 2135 1,
1196 2094 1226 2126 ].
1258 2095 1293 2126 in
1323 2094 1534 2138 Peloponne-

824 2141 910 2184 sios,
943 2150 1038 2184 quae
1064 2138 1179 2172 verba
1204 2137 1381 2182 Nipperd.
1414 2137 1533 2181 eiecit,

827 2186 907 2219 cod.
929 2185 1062 2228 colleg.
1077 2183 1183 2217 Rom.
1199 2186 1236 2217 et
1256 2186 1431 2226 quattuor
1445 2187 1534 2216 vett.

825 2229 1027 2272 editiones,
1054 2230 1217 2261 adversus
1236 2228 1309 2260 Pel.
1335 2227 1416 2261 cod.
1437 2227 1533 2260 Hae-

825 2275 914 2318 nel.,
941 2274 1047 2315 Vat.,
1073 2273 1147 2306 Kil.
1174 2276 1211 2306 et
1234 2272 1343 2307 Voss.
1369 2272 1408 2305 Β.
1436 2271 1531 2305 Reli-

826 2319 888 2364 qui
913 2318 1087 2353 omittunt
1110 2316 1435 2361 praepositionem.
1454 2317 1465 2359 ΙΙ
1484 2316 1531 2358 II,

823 2365 854 2397 2.
870 2364 1016 2408 proinde
1035 2374 1076 2396 ac
1093 2364 1124 2395 si
1143 2363 1242 2406 [non]
1265 2361 1321 2394 ed.
1342 2360 1474 2395 Ultrai.
1500 2361 1533 2393 A

824 2408 946 2451 libris,
979 2417 1072 2452 quos
1103 2405 1220 2440 secuti
1246 2409 1332 2439 sunt
1357 2405 1469 2439 Roth.
1496 2409 1532 2438 et

823 2452 1002 2495 Nipperd.
1012 2478 1020 2494 ,
1036 2451 1143 2485 abest
1156 2449 1318 2494 negatio.

868 2496 1062 2529 AnclmAD.
1087 2495 1136 2536 II,
1152 2496 1182 2527 1.
1200 2496 1337 2527 Graeca
1351 2495 1468 2537 linqua
1483 2495 1530 2526 lo—

821 2541 991 2585 quentium
1012 2550 1091 2572 cum
1111 2538 1345 2581 Heusingero
1365 2541 1404 2571 et
1421 2537 1529 2581 Nipp.

825 2585 909 2618 coll.
925 2583 1016 2616 Milt.
1031 2584 1063 2624 2,
1077 2583 1109 2616 3.
1129 2582 1241 2615 Dion.
1263 2583 1293 2624 1,
1308 2581 1340 2615 5.
1371 2581 1473 2616 Libri
1493 2587 1530 2615 ‘et

823 2628 908 2662 inde
922 2627 1034 2661 Roth.
1052 2628 1208 2661 Graecae
1223 2627 1360 2670 linqzme
1372 2627 1529 2671 eloquen-

824 2675 879 2707 tia.
897 2674 910 2719 ss
928 2672 1022 2706 Ibid.
1038 2672 1220 2713 renn'uisci,
1235 2671 1335 2715 quod
1349 2681 1475 2705 omnes
1488 2670 1527 2703 li-
