1788 3200
308 200 363 240 44
747 202 988 237 CORNELII
1006 201 1221 237 NEPOTIS

309 284 372 338 gis
395 282 598 322 Datames
624 284 870 320 consecutus
896 284 1018 328 esset,
1044 293 1128 319 non
1146 278 1347 319 minorem
1372 279 1568 320 invidiam
1594 296 1664 321 au-

309 347 481 385 licorum
514 341 693 396 excepit,
731 341 802 394 qui
837 340 953 381 illum
983 356 1111 381 unum
1141 341 1269 395 pluris
1295 356 1420 394 quam
1452 357 1495 383 56
1520 357 1664 384 omnes

262 421 279 449 3
305 406 393 446 ficri
417 403 623 445 videbant.
661 417 743 456 quo
757 402 868 443 facto
888 402 1024 443 cuncti
1043 402 1095 442 ad
1119 417 1215 442 eum
1233 403 1549 458 opprimendum
1568 418 1665 445 con-

307 471 536 509 senserunt.
585 465 688 506 haec
712 464 942 513 PandateS,
980 478 1109 519 gazae
1140 471 1280 505 custos
1310 465 1467 520 regiae,
1506 465 1663 506 amicus

306 529 487 578 Datami,
513 527 742 582 perscripta
766 526 803 567 ei
827 526 963 575 mittit,
988 527 1032 567 in
1056 526 1206 580 quibus
1232 527 1364 577 docet,
1391 543 1484 568 cum
1511 543 1663 582 magno

304 592 392 632 fore
423 589 622 645 periculo,
655 589 690 630 si
720 588 820 641 quid
849 588 918 629 illo
949 588 1175 643 imperante
1207 589 1369 630 adversi
1399 590 1441 630 in
1465 588 1663 644 Aegypto

261 670 278 697 1
305 653 535 694 accidisset.
583 664 762 703 namque
793 664 884 690 eam
915 664 1007 690 esse
1039 651 1380 691 consuetudinem
1404 652 1579 706 regiam,
1617 657 1663 691 ut

307 729 427 755 casus
443 714 640 753 adversos
654 710 891 751 hominibus
906 710 1098 760 tribuant,
1120 712 1324 752 secundos
1339 712 1528 754 fortunae
1543 727 1662 762 suae3

305 790 386 829 quo
412 774 517 823 fieri,
550 780 595 814 ut
621 773 740 813 facile
766 772 1029 826 impellantur
1053 773 1106 813 ad
1130 787 1273 814 eorum
1298 774 1535 827 perniciem,
1562 790 1664 828 quo-

302 853 394 878 rum
418 837 545 876 ductu
576 850 641 875 res
667 834 774 875 male
804 840 947 889 gestae
973 834 1222 875 nuntientur.
1264 835 1381 876 illum
1406 836 1484 876 hoc
1509 837 1662 877 maiore

303 899 391 940 fore
416 899 457 939 in
482 897 732 946 discrimine,
759 896 883 950 quod,
910 896 1061 949 quibus
1086 911 1159 937 rex
1184 898 1363 938 maxime
1388 898 1564 948 obediat,
1592 913 1662 939 cos

259 977 276 1005 :3
303 960 454 1002 habeat
472 958 792 1000 inimicissimos.
831 957 982 999 talibus
1002 958 1069 999 ille
1088 958 1232 1000 litteris
1253 959 1441 1014 cognitis,
1468 975 1563 1001 cum
1581 960 1664 1001 iam

304 1025 356 1065 ad
381 1023 606 1064 exercitum
631 1021 753 1062 Acen
777 1021 972 1071 venisset,
1001 1022 1113 1074 quod
1137 1037 1220 1063 non
1250 1022 1469 1078 ignorabat
1494 1037 1543 1064 ea
1566 1037 1663 1063 vere

261 1101 278 1129 u
307 1086 477 1140 scripta,
510 1084 740 1125 desciscere
766 1099 790 1124 a
819 1098 917 1138 rege
949 1083 1170 1124 constituit.
1214 1099 1348 1138 neque
1380 1092 1516 1125 tamen
1547 1085 1665 1138 quid-

303 1163 428 1202 quam
453 1146 563 1196 fecit,
591 1147 703 1200 quod
733 1146 813 1186 fide
840 1161 915 1186 sua
940 1152 1050 1186 essct
1076 1146 1305 1201 indignum.
1344 1162 1440 1187 nam
1464 1147 1664 1187 Mandro-

303 1210 393 1251 clen
417 1209 661 1264 Magnetem
686 1207 883 1249 exercitui
907 1208 1124 1262 praefecit3
1150 1208 1239 1262 ipse
1265 1223 1359 1249 cum
1386 1209 1471 1249 suis
1497 1209 1539 1249 in
1553 1208 1664 1263 Cap-

303 1272 520 1327 padociam
545 1270 719 1312 discedit
743 1270 1087 1323 coniunctamque
1120 1270 1216 1311 huic
1240 1270 1571 1325 Paphlagoniam
1597 1286 1664 1311 oc-

304 1340 445 1387 cupat,
483 1332 640 1381 celans,
679 1346 762 1385 qua
791 1331 1002 1372 voluntate
1028 1338 1138 1373 esset
1167 1332 1209 1372 in
1238 1347 1399 1387 rege1n3
1438 1333 1542 1372 clam
1570 1346 1664 1373 cum

303 1394 586 1436 Ariobarzane
605 1393 705 1434 facit
728 1393 963 1442 amicitiam,
989 1408 1157 1434 manum
1178 1400 1400 1448 comparat,
1427 1393 1550 1435 urbes
1575 1409 1666 1434 mu·-

302 1457 409 1497 nitas
436 1456 521 1497 suis
547 1455 721 1496 tuendas
747 1455 881 1496 tradit.

263 1534 273 1560 1
372 1518 448 1560 VI.
489 1517 575 1559 Sed
599 1518 701 1559 haec
725 1524 893 1572 propter
917 1517 1093 1559 hiemale
1118 1524 1281 1573 tempus
1307 1519 1443 1559 minus
1468 1533 1664 1574 prospere

302 1579 593 1635 procedebant.
638 1580 763 1629 audit,
796 1580 961 1622 Pisidas
994 1581 1196 1634 quasdam
1222 1581 1361 1635 copias
1388 1581 1586 1622 adversus
1621 1595 1664 1621 sc

301 1657 459 1697 parare.
496 1642 627 1683 filium
653 1657 700 1683 eo
727 1642 952 1683 Arsideum
984 1658 1077 1683 cum
1103 1643 1286 1684 exercitu
1309 1643 1444 1684 mittit.
1489 1643 1598 1684 eadit
1622 1643 1664 1683 in

303 1705 458 1760 proelio
484 1705 737 1746 adolescens.
774 1705 1049 1760 proficiscitur
1074 1721 1121 1747 eo
1139 1713 1257 1760 pater
1280 1722 1363 1747 non
1387 1706 1442 1747 ita
1463 1721 1557 1747 cum
1579 1722 1666 1747 ma-

302 1783 386 1822 gna
410 1783 547 1817 manu,
574 1767 725 1816 celans,
753 1774 950 1820 quantum
978 1768 1126 1808 vulnus
1147 1769 1387 1823 accepisset,
1414 1769 1525 1822 quod
1550 1768 1663 1823 prius

302 1830 354 1869 ad
373 1829 532 1870 hostem
552 1829 764 1883 pervenire
784 1829 988 1883 cupiebat,
1015 1844 1139 1882 quam
1159 1830 1210 1870 de
1229 1830 1335 1870 male
1353 1845 1397 1870 re
1415 1837 1535 1884 gesta
1553 1830 1666 1870 fama

303 1891 355 1932 ad
381 1907 478 1933 suos
509 1891 759 1946 perveniret,
796 1905 848 1932 ne
873 1892 1038 1946 cognita
1062 1891 1134 1932 filii
1165 1898 1295 1932 morte
1327 1891 1452 1932 animi
1478 1891 1664 1932 debilita-

303 1960 443 1995 rentur
467 1953 655 1994 militum.
693 1968 775 2006 quo
801 1953 1078 2002 contenderat,
1104 1954 1291 2007 pervenit
1315 1954 1448 2007 iisque
1473 1953 1575 1994 locis
1597 1968 1663 1994 ca-

303 2024 386 2056 stra
409 2015 543 2070 ponit,
581 2022 626 2056 ut
655 2029 790 2068 neque
815 2014 1019 2056 circumiri
1044 2015 1306 2056 multitudine
1332 2015 1663 2057 adversariorum

302 2084 444 2132 posset
468 2092 602 2130 neque
632 2077 841 2132 impediri,
879 2092 961 2130 quo
988 2077 1124 2119 minus
1153 2076 1279 2133 [ipse]
1308 2079 1360 2118 ad
1385 2078 1665 2118 dimicandum

260 2155 277 2181 :;
303 2155 471 2180 manum
501 2139 671 2181 haberet
701 2140 948 2194 expeditam.
993 2146 1080 2180 erat
1110 2154 1205 2181 cum
1236 2155 1284 2181 eo
1309 2140 1663 2187 Metrobarzanes,

303 2216 419 2243 socer
443 2201 544 2251 cius,
570 2201 804 2256 praefectus
825 2201 1021 2254 equitum.
1060 2201 1095 2242 is
1121 2202 1348 2256 desperatis
1374 2202 1516 2257 generi
1541 2201 1664 2242 rebus

303 2264 355 2305 ad
379 2264 520 2304 hostes
552 2263 785 2319 transfugit.
823 2263 866 2304 id
890 2263 1093 2305 Datames
1119 2270 1164 2304 ut
1190 2264 1359 2314 audivit,
1393 2264 1534 2312 sensit,
1563 2263 1597 2304 si
1622 2264 1665 2303 in

302 2325 465 2367 turbam
490 2325 657 2375 exisset,
684 2326 735 2367 ab
760 2325 927 2367 homine
953 2332 1037 2366 tam
1056 2326 1290 2367 necessario
1310 2341 1354 2367 56
1372 2326 1573 2375 relictum,
1600 2325 1666 2366 fu-

264 2404 277 2431 1
303 2394 459 2437 turum,
495 2393 541 2428 ut
572 2388 697 2428 ceteri
727 2387 944 2428 consilium
978 2394 1258 2441 sequerentur.
1306 2389 1349 2429 in
1379 2388 1530 2443 vulgus
1568 2387 1662 2436 edit,

303 2465 377 2491 suo
401 2450 519 2491 iussu
536 2449 899 2491 Metrobarzanem
924 2449 1156 2504 profectum
1180 2464 1255 2504 pro
1279 2449 1468 2505 perfuga,
1496 2464 1578 2503 quo
1603 2448 1665 2489 fa-

303 2511 420 2553 cilius
445 2517 634 2566 receptus
659 2511 905 2552 interficeret
929 2511 1082 2553 hostes.
1121 2526 1246 2565 quare
1272 2511 1445 2565 relinqui
1472 2526 1565 2552 611111
1590 2525 1664 2564 par

303 2589 384 2614 non
409 2588 519 2623 6556,
552 2580 593 2614 et
616 2588 759 2616 omnes
786 2573 1005 2615 confcstim
1031 2573 1160 2627 sequi.
1204 2574 1316 2627 quod
1341 2573 1376 2615 si
1400 2573 1537 2614 animo
1562 2578 1663 2612 stre-

303 2651 384 2676 nuo
404 2635 611 2685 fecissent,
638 2635 835 2685 futurum,
862 2642 907 2676 ut
926 2636 1151 2676 adversarii
1170 2651 1251 2677 non
1270 2641 1440 2691 possent
1458 2634 1660 2681 resistere,

263 2721 280 2737 .›
305 2712 396 2737 cum
423 2703 462 2737 et
487 2696 592 2737 intra
616 2697 770 2737 vallum
796 2703 835 2738 ct
867 2697 965 2738 soris
992 2698 1269 2738 caederentur.
1313 2697 1390 2737 hac
1415 2711 1457 2737 1-6
1489 2694 1661 2749 probata

259 1971 276 1999 10
