1788 3200
281 681 299 709 [Ο

281 1358 294 1385 l

277 1479 295 1507 2

279 1849 297 1877 ΕΟ

284 2522 303 2551 5

327 217 380 257 68
764 217 1005 252 CORNELII
1028 216 1245 253 NEPOTIS

746 326 879 367 XIX.
929 323 1262 368 PHOCION.

395 421 430 460 Ι.
468 418 656 459 Phocion
679 415 950 457 Atheniensis
977 415 1053 456 etsi
1080 429 1203 470 saepe
1228 413 1477 455 exercitibus
1502 413 1679 468 praefuit

327 494 594 533 summosque
619 478 884 533 magistratus
905 477 1025 531 cepit,
1052 484 1190 517 tamen
1214 476 1343 517 multo
1363 476 1450 516 eius
1470 475 1604 516 notior
1621 474 1681 515 in-

326 542 494 599 tegritas
520 541 629 581 vitae
659 554 783 593 qua-m
808 539 867 580 rei
893 538 1079 579 militaris
1104 537 1231 579 labor.
1274 537 1413 591 itaque
1443 536 1566 578 huius
1596 550 1682 576 me-

325 605 456 646 moria
480 610 542 644 est
565 603 690 651 nulla,
715 601 824 642 illius
851 607 989 641 autem
1013 614 1167 654 magna
1190 599 1314 648 falna,
1347 613 1397 639 ex
1422 613 1504 652 quo
1529 612 1679 653 cogno-

325 667 434 707 mine
464 666 609 706 Bonus
641 670 705 704 est
734 662 977 717 appellatus.
1025 661 1104 701 fuit
1135 660 1244 700 enim
1278 667 1477 714 perpetuo
1511 673 1680 714 pauper,

324 743 419 768 cum
450 725 721 767 divitissimus
759 737 850 764 esse
885 728 1028 776 posset
1057 728 1224 775 propter
1258 720 1493 773 frequentes
1524 720 1681 761 delatos

322 789 499 828 honores
518 791 827 841 potestatesque
848 798 1044 831 summas,
1070 796 1176 835 quae
1196 782 1234 822 ei
1252 797 1276 822 a
1293 781 1447 836 populo
1466 781 1681 823 dabantur.

324 851 391 890 hic
417 865 509 890 eum
537 865 562 889 a
584 862 683 903 rege
707 846 902 900 Philippo
933 859 1105 886 munera
1134 859 1310 899 magnae
1340 844 1539 898 pecuniae
1563 858 1684 899 repu-

322 912 470 961 diaret,
508 910 716 966 legatique
747 908 1006 949 hortarentur
1036 906 1222 961 accipere
1254 906 1457 960 simulque
1488 905 1685 947 admone-

321 980 423 1023 rent,
452 974 487 1015 si
517 973 607 1027 ipse
631 972 695 1012 his
721 971 842 1012 facile
868 975 1040 1018 careret,
1072 968 1213 1009 liberis
1244 975 1382 1009 tamen
1413 967 1498 1009 suis
1524 967 1685 1022 prospi-

323 1041 449 1084 ceret,
482 1034 635 1089 quibus
667 1032 835 1073 difficile
867 1037 978 1073 esset
1001 1031 1045 1071 in
1070 1046 1233 1071 summa
1256 1035 1500 1085 paupertate
1526 1036 1684 1071 tantam

321 1104 533 1151 paternam
564 1095 669 1136 tueri
692 1094 885 1150 gloriam,
922 1093 986 1134 his
1026 1092 1094 1133 ille
1133 1091 1209 1142 „Si
1243 1092 1325 1132 mei
1362 1091 1516 1132 similes
1551 1097 1683 1140 erunt,

321 1160 432 1199 idem
444 1158 551 1207 hic,“
572 1157 721 1210 inquit,
744 1155 928 1210 „agellus
948 1154 1041 1195 illos
1062 1154 1155 1203 alet,
1177 1153 1248 1206 qui
1269 1167 1335 1194 me
1355 1153 1408 1194 ad
1426 1153 1532 1193 hanc
1551 1152 1686 1208 digni-

323 1227 450 1262 tatem
474 1219 685 1274 perduxit3
719 1218 783 1258 sin
813 1216 1035 1257 dissimiles
1063 1222 1158 1256 sunt
1188 1215 1330 1264 futuri,
1362 1214 1457 1256 nolo
1481 1214 1584 1256 meis
1609 1214 1686 1255 im-

322 1282 463 1336 pensis
489 1281 653 1321 illorum
677 1280 730 1320 ali
756 1279 980 1333 augerique
1004 1277 1250 1318 luxuriam.“

392 1343 449 1383 II.
486 1343 605 1383 Idem
637 1356 731 1381 cum
756 1355 883 1394 prope
909 1340 961 1380 ad
981 1354 1134 1380 annum
1164 1338 1464 1393 octogesimum
1488 1352 1686 1392 prospera

322 1403 579 1458 pervenisset
592 1403 768 1450 fortuna,
795 1401 989 1442 extremis
1009 1399 1263 1454 temporibus
1278 1414 1475 1454 magnum
1489 1399 1532 1439 in
1545 1399 1685 1439 odium

321 1465 508 1520 pervenit
539 1479 708 1505 suorum
740 1463 910 1511 civium,
954 1461 1105 1516 primo,
1145 1462 1256 1514 quod
1287 1476 1381 1502 cum
1411 1460 1602 1501 Demade
1633 1460 1684 1501 de

322 1526 423 1568 urbe
467 1526 667 1567 tradenda
707 1524 930 1579 Antipatro
979 1529 1245 1565 consenserat
1296 1523 1466 1576 eiusque
1514 1521 1686 1563 consilio

322 1588 629 1630 Demosthenes
667 1601 761 1627 eum
799 1586 964 1635 ceteris,
1002 1585 1072 1638 qui
1117 1584 1223 1626 bene
1254 1584 1306 1625 de
1335 1599 1379 1624 re
1409 1583 1577 1638 publica
1600 1597 1685 1624 me-

323 1651 388 1691 riti
414 1648 772 1696 existimabantur,
800 1647 941 1701 populi
974 1647 1076 1687 scito
1106 1646 1149 1686 in
1175 1645 1342 1686 exilium
1373 1652 1487 1686 erant
1511 1644 1685 1699 expulsi.

325 1725 461 1764 neque
490 1711 534 1750 in
559 1725 607 1750 eo
639 1709 774 1750 solum
806 1708 1052 1756 offenderat,
1085 1707 1196 1760 quod
1226 1707 1381 1761 patriae
1407 1706 1513 1746 male
1539 1719 1688 1746 consu-

323 1772 473 1820 luerat,
501 1771 575 1811 sed
606 1770 747 1818 etiam,
781 1770 893 1822 quod
924 1769 1126 1809 amicitiae
1151 1768 1276 1808 fidem
1306 1782 1388 1808 non
1413 1767 1684 1821 praestiterat.

324 1847 501 1885 namque
527 1837 672 1872 auctus
703 1830 951 1882 adiutusque
978 1845 1001 1870 a
1025 1829 1312 1870 Demosthene
1338 1843 1445 1877 eum,
1478 1842 1602 1881 quem
1627 1834 1687 1867 te-

326 1893 469 1942 nebat,
503 1892 746 1933 ascenderat
770 1891 965 1945 gradum,
999 1904 1093 1930 cum
1119 1890 1317 1930 adversus
1345 1888 1567 1929 Charetem
1592 1903 1686 1929 eum

326 1955 588 2002 subornaret3
626 1953 678 1994 ab
716 1954 860 1993 eodem
898 1953 940 1992 in
971 1952 1153 2001 iudiciis,
1192 1966 1287 1992 cum
1318 1951 1463 2005 capitis
1495 1965 1687 1991 caussam

326 2017 493 2063 diceret,
521 2015 718 2055 defensus
739 2014 954 2066 aliquoties
975 2013 1171 2054 liberatus
1191 2013 1450 2054 discesserat.
1477 2012 1586 2053 hune
1605 2026 1688 2053 non

327 2077 461 2117 solum
486 2077 529 2116 in
553 2075 746 2130 periculis
772 2089 854 2115 non
881 2075 1082 2124 defendit,
1116 2075 1189 2115 sed
1214 2074 1337 2115 etiam
1361 2073 1553 2128 prodidit.
1591 2087 1689 2114 con-

325 2140 423 2180 cidit
454 2146 592 2179 autem
623 2137 802 2178 maxime
832 2152 915 2177 uno
947 2137 1131 2185 crimine,
1169 2137 1301 2189 quod,
1338 2150 1432 2176 cum
1457 2135 1568 2189 apud
1593 2149 1688 2175 eum

327 2215 536 2243 summum
562 2205 672 2240 esset
696 2198 913 2252 imperium
938 2198 1091 2252 populi,
1120 2204 1159 2238 et
1172 2198 1432 2246 Nicanorem,
1461 2196 1688 2238 Cassandri

326 2261 596 2317 praefectum,
623 2259 809 2300 insidiari
833 2259 982 2300 Piraeo
1007 2258 1328 2299 Atheniensium
1353 2274 1377 2299 a
1394 2257 1577 2311 Dercylo
1601 2271 1690 2297 mo-

327 2328 502 2371 neretur,
523 2322 714 2373 idemque
733 2320 971 2374 postularet,
991 2326 1037 2359 ut
1056 2320 1299 2373 provideret,
1320 2334 1371 2360 ne
1392 2318 1689 2360 commeatibus

328 2384 473 2425 civitas
503 2383 749 2437 privaretur,
781 2380 878 2421 huic
903 2381 1094 2421 audiente
1125 2381 1279 2435 populo
1304 2380 1492 2421 Phocion
1522 2379 1689 2435 negavit

329 2459 421 2486 esse
445 2444 674 2499 periculum
702 2457 828 2495 seque
855 2442 942 2483 eius
968 2442 1025 2482 rei
1052 2441 1240 2482 obsidem
1272 2442 1359 2483 fore
1383 2441 1589 2496 pollicitus
1615 2446 1689 2481 est.

327 2522 462 2561 neque
487 2507 544 2547 ita
568 2505 697 2546 multo
722 2512 817 2559 post
835 2504 1016 2546 Nicanor
1027 2504 1176 2545 Piraeo
1202 2511 1265 2545 est
1289 2504 1455 2558 potitus.
1489 2503 1543 2544 ad
1566 2517 1689 2556 quem

328 2567 657 2623 recuperandum
677 2581 772 2607 cum
796 2566 976 2621 populus
1002 2572 1183 2607 armatus
1204 2565 1490 2613 concurrisset,
1516 2564 1584 2605 ille
1608 2578 1689 2604 non

329 2630 452 2671 modo
483 2629 690 2669 neminem
721 2629 774 2669 ad
804 2643 918 2668 arma
942 2627 1123 2676 vocavit,
1157 2627 1230 2668 sed
1254 2641 1305 2667 ne
1331 2626 1497 2667 armatis
1522 2624 1687 2677 quidem

331 2705 523 2744 praeesse
536 2689 677 2730 voluit.
706 2690 793 2731 sine
813 2704 895 2742 quo
910 2688 1101 2730 Athenae
1116 2689 1282 2730 omnino
1296 2702 1387 2729 esse
1402 2702 1482 2727 non
1502 2693 1697 2739 possunt,
