1741 3184
647 193 922 231 HANNIBAL.
1409 190 1461 230 79

113 270 393 325 thaginienses
411 269 590 310 Romam
614 276 825 318 venerunt,
852 270 921 323 qui
942 271 1100 312 senatui
1124 272 1359 326 populoque
1377 272 1462 315 Ro-

113 346 235 372 mano
260 331 413 386 gratias
438 334 625 383 agerent,
660 330 771 381 quod
796 344 891 370 cum
915 331 978 372 his
1002 346 1147 386 pacem
1166 328 1381 384 fecissent,
1408 334 1461 376 ob

113 409 285 450 eamque
310 408 397 434 rem
415 407 566 434 corona
585 406 709 432 aurea
727 406 797 433 eos
817 393 1016 434 donarent
1035 395 1237 448 simulque
1263 403 1459 450 peterent,

114 463 158 496 ut
181 456 347 497 obsides
373 469 515 495 eorum
532 453 734 508 Fregellis
761 460 900 495 essent
924 455 1157 509 captivique
1181 458 1459 499 redderentur.

113 517 175 556 his
212 531 263 556 ex
299 522 466 556 senatus
503 515 690 556 consulto
727 529 971 570 responsum
1007 522 1088 557 est:
1131 532 1282 558 munus
1319 533 1460 560 eorum

111 584 272 631 gratum
293 583 589 631 acceptumque
608 591 719 626 esse3
746 576 924 625 obsides,
951 591 1032 630 quo
1051 577 1142 618 loco
1166 587 1371 632 rogarent,
1397 581 1463 620 fu-

112 649 245 688 turos3
276 639 461 692 captivos
493 653 576 679 non
600 638 864 687 remissuros‚
891 639 1001 691 quod
1026 638 1318 689 Hannibalem,
1345 641 1461 682 cuius

113 713 237 754 opera
262 706 501 754 susceptum
525 699 678 740 bellum
703 699 825 748 foret,
851 700 1180 741 inimicissimum
1203 701 1359 742 nomini
1378 701 1463 743 Ro-

112 776 251 809 mano,
289 761 522 802 etiamnunc
546 776 640 802 eum
664 762 835 815 imperio
865 762 974 816 apud
1005 762 1228 803 exercitum
1252 762 1460 812 haberent,

113 823 292 875 itemque
318 822 484 863 fratrem
516 823 604 863 eius
628 822 867 877 Magonem.
912 823 989 864 hoc
1019 838 1218 878 responso
1245 823 1463 879 Carthagi-

113 883 276 924 nienses
303 884 466 938 cognito
491 883 771 925 Hannibalem
796 884 964 924 domum
989 891 1028 925 et
1046 883 1273 939 Magonem
1296 900 1463 926 revoca-

113 951 218 985 runt.
255 945 336 985 huc
361 951 406 985 ut
429 945 559 994 rediit,
586 951 749 999 praetor
772 945 907 986 factus
932 951 1006 994 est,
1032 952 1253 1000 postquam
1276 961 1350 987 rex
1374 947 1463 987 fue-

112 1013 184 1059 rat,
213 1021 318 1046 anno
344 1006 525 1046 secundo
551 1012 590 1046 et
614 1006 823 1047 vicesimo.
860 1012 906 1046 ut
936 1007 1044 1046 enim
1069 1007 1227 1048 Romae
1258 1007 1461 1057 consules,

114 1067 171 1107 sic
199 1065 451 1121 Carthagine
475 1067 694 1119 quotannis
719 1067 844 1107 annui
874 1066 959 1107 bini
984 1081 1102 1121 reges
1129 1068 1384 1108 creabantur.
1420 1069 1461 1108 in

113 1142 161 1168 eo
186 1127 429 1182 magistratu
458 1128 546 1182 pari
571 1127 783 1182 diligentia
808 1143 852 1168 se
877 1128 1090 1169 Hannibal
1114 1129 1301 1183 praebuit
1326 1144 1373 1170 ac
1398 1130 1463 1170 fu-

113 1190 264 1230 eratin
293 1188 413 1230 bello.
456 1203 633 1242 namque
665 1189 818 1238 effecit,
852 1204 902 1230 ex
933 1190 1053 1231 novis
1079 1190 1349 1246 vectigalibus
1380 1206 1461 1232 non

114 1250 246 1291 solum
271 1256 316 1290 ut
341 1256 450 1291 esset
473 1251 661 1304 pecunia,
688 1265 792 1303 quae
818 1251 1017 1292 Romanis
1045 1266 1096 1292 ex
1120 1251 1286 1293 foedere
1310 1253 1463 1306 pende-

112 1318 240 1360 retur,
275 1312 347 1352 sed
378 1312 501 1352 etiam
533 1318 785 1366 superesset,
811 1320 917 1365 quae
941 1313 982 1352 in
1008 1313 1162 1353 aerario
1186 1320 1461 1367 reponeretur.

112 1372 260 1413 deinde
285 1387 391 1413 anno
416 1379 510 1426 post
532 1379 778 1427 praeturam,
804 1373 950 1414 Marco
971 1373 1160 1423 Claudio,
1186 1375 1322 1414 Lucio
1335 1374 1461 1415 Furio

114 1433 364 1482 consulibus,
390 1433 525 1474 Roma
548 1434 673 1489 legati
688 1433 982 1489 Carthaginem
1006 1441 1217 1476 venerunt.
1255 1435 1330 1476 hos
1345 1435 1463 1476 Han-

113 1494 224 1535 nibal
249 1501 360 1535 ratus
394 1495 457 1535 sui
488 1495 738 1549 exposcendi
767 1496 899 1550 gratia
928 1496 1096 1545 missos,
1128 1496 1368 1550 priusquam
1398 1497 1461 1538 his

114 1562 280 1596 senatus
306 1556 481 1605 daretur,
507 1571 658 1597 navem
681 1557 866 1597 ascendit
890 1557 995 1597 clam
1021 1563 1143 1609 atque
1168 1558 1211 1597 in
1227 1556 1391 1612 Syriam
1410 1560 1463 1599 ad

113 1617 367 1657 Antiochum
387 1617 581 1672 profugit.
620 1617 697 1658 hac
714 1632 758 1658 re
775 1618 912 1672 palam
931 1618 1041 1659 facta
1052 1618 1183 1659 Poeni
1202 1634 1330 1660 naves
1344 1620 1460 1668 duas,

113 1692 218 1731 quae
238 1692 331 1718 eum
351 1679 752 1732 comprehenderent,
774 1679 809 1719 si
827 1685 997 1733 possent
1016 1680 1225 1732 consequi,
1250 1681 1462 1729 miserunt,

114 1739 222 1780 bona
246 1739 332 1780 eius
358 1739 630 1793 publicarunt,
657 1740 827 1780 domum
850 1755 875 1781 a
898 1740 1176 1781 fundamentis
1202 1741 1462 1790 disiecerunt,

114 1801 250 1854 ipsum
275 1801 438 1841 exulem
462 1801 707 1841 iudicarunt.

181 1861 303 1902 VIII.
340 1861 400 1902 At
424 1861 636 1903 Hannibal
666 1877 773 1903 anno
804 1862 935 1912 tertio,
966 1870 1187 1917 postquam
1217 1864 1339 1904 domo
1369 1879 1463 1918 pro-

114 1922 287 1978 fugerat,
303 1923 356 1963 L.
373 1922 580 1972 Cornelio,
597 1923 751 1976 Quinto
764 1923 951 1965 Minucio
965 1924 1217 1974 consulibus,
1238 1939 1332 1965 cum
1345 1925 1464 1977 quin-

115 1998 194 2037 que
218 1984 393 2025 navibus
418 1984 607 2027 Africam
631 1985 806 2026 accessit
835 1985 877 2025 in
902 1985 1053 2026 finibus
1081 1985 1402 2040 Cyrenaeorum,
1430 1986 1465 2026 si

115 2046 218 2086 forte
245 2044 608 2100 Carthaginienses
640 2047 693 2087 ad
723 2046 877 2087 bellum
901 2045 1099 2088 Antiochi
1130 2062 1202 2101 spe
1232 2047 1464 2100 fiduciaque

113 2112 282 2160 possent
305 2106 459 2156 induci,
485 2107 551 2148 cui
575 2107 657 2148 iam
680 2114 954 2162 persuaserat,
980 2115 1026 2149 ut
1044 2123 1137 2149 cum
1157 2108 1404 2149 exercitibus
1423 2108 1466 2148 in

113 2167 277 2207 Italiam
318 2167 657 2221 proficisceretur.
711 2168 792 2210 huc
827 2168 1056 2224 Magonem
1097 2169 1266 2210 fratrem
1303 2169 1464 2210 excivit.

113 2228 156 2268 id
186 2227 258 2268 ubi
282 2227 414 2269 Poeni
442 2230 715 2279 resciverunt,
740 2229 968 2285 Magonem
993 2231 1151 2280 eadem,
1177 2245 1259 2284 qua
1284 2230 1463 2278 fratrem,

115 2288 328 2329 absentem
351 2303 485 2342 poena
508 2290 746 2331 affecerunt.
783 2291 841 2331 illi
866 2292 1092 2346 desperatis
1117 2291 1240 2332 rebus
1267 2306 1360 2331 cum
1386 2290 1467 2331 sol-

114 2349 272 2389 vissent
296 2363 423 2390 naves
453 2364 502 2390 ac
526 2350 618 2391 vela
647 2351 780 2392 ventis
806 2352 1036 2402 dedissent,
1062 2352 1274 2393 Hannibal
1299 2351 1352 2392 ad
1376 2352 1466 2390 An-

115 2409 296 2450 tiochum
327 2410 524 2464 pervenit.
566 2411 617 2451 de
648 2410 845 2466 Magonis
880 2412 1047 2453 interitu
1081 2413 1234 2467 duplex
1270 2411 1467 2452 memoria

115 2471 276 2525 prodita
299 2478 380 2512 est:
411 2486 588 2525 namque
613 2473 681 2513 alii
701 2473 928 2529 naufragio,
956 2474 1023 2514 alii
1047 2489 1073 2515 a
1097 2474 1226 2515 servis
1252 2473 1381 2527 ipsius
1405 2472 1467 2512 in-

116 2533 331 2574 terfectum
362 2548 474 2582 eum,
507 2535 703 2589 scripturn
734 2535 997 2588 reliquerunt.
1044 2535 1278 2575 Antiochus
1315 2541 1464 2582 autem,

117 2595 152 2636 si
170 2601 253 2636 tam
272 2595 313 2636 in
334 2596 495 2650 agendo
515 2596 622 2637 bello
637 2596 817 2637 consiliis
833 2597 925 2637 'eius
946 2611 1088 2650 parere
1107 2596 1320 2644 voluisset,
1342 2610 1466 2648 quam

116 2656 158 2697 in
183 2656 444 2711 suscipiendo
474 2657 724 2707 instituerat,
755 2658 923 2713 propius
950 2657 1089 2699 Tiberi
1115 2672 1240 2711 quam
1265 2657 1466 2698 Thermo-

1490 2245 1509 2273 ‘2

1491 2550 1510 2579 3
