1788 3200
284 290 295 318 1

278 595 297 624 13

327 192 383 233 30
771 193 1014 230 CORNELII
1032 193 1247 230 NEPOTIS

394 272 474 314 III.
511 269 736 312 Defecerat
759 284 783 310 a
806 283 904 324 rege
929 269 1244 324 Tissaphernes,
1271 283 1404 323 neque
1428 269 1472 310 id
1497 276 1580 310 tam
1604 268 1686 310 Ar-

325 334 483 376 taxerxi
513 347 639 386 quam
670 331 815 372 ceteris
841 337 928 372 erat
957 338 1156 386 apertum.
1193 332 1333 372 multis
1365 331 1475 372 enim
1504 332 1686 386 magnis-

324 410 403 450 que
423 395 578 436 meritis
599 394 709 448 apud
732 408 886 448 regem,
913 393 1036 434 etiam
1055 408 1150 434 cum
1168 393 1210 434 in
1229 394 1367 435 officio
1386 408 1470 434 non
1487 400 1683 442 maneret,

323 457 500 498 valebat.
538 470 672 509 neque
695 455 739 496 id
763 455 1015 504 mirandum,
1043 455 1079 496 si
1103 469 1187 496 non
1210 455 1332 496 facile
1357 455 1410 496 ad
1435 455 1683 496 credendum

325 519 625 567 adducebatur,
658 517 944 566 reminiscens,
977 517 1064 558 eius
1098 532 1142 558 se
1172 532 1296 571 opera
1328 517 1485 572 Cyrum
1516 517 1683 558 fratrem

324 595 554 635 superasse.
595 580 718 620 huius
755 579 976 620 accusandi
1006 580 1139 633 gratia
1171 578 1319 620 Conon
1355 595 1379 620 a
1408 579 1683 620 Pharnabazo

323 644 375 684 ad
393 658 533 697 regem
551 642 717 689 missus,
743 647 1015 694 posteaquam
1034 641 1158 690 venit,
1184 641 1362 695 primum
1382 656 1433 682 ex
1452 656 1564 683 more
1583 641 1684 682 Per-

322 721 459 746 sarum
479 705 532 744 ad
551 702 830 751 chiliarchum,
857 703 928 754 qui
948 702 1176 743 secundum
1200 703 1373 757 gradum
1394 703 1553 757 imperii
1573 709 1683 743 tene-

321 767 409 816 bat,
441 765 723 805 Tithraustem
754 763 930 803 accessit
960 777 1086 815 seque
1111 764 1289 804 ostendit
1314 778 1408 803 cum
1433 778 1530 818 rege
1556 763 1682 804 collo-

276 844 294 872 3
319 829 391 883 qui
408 827 525 868 velle.
551 840 672 866 nemo
692 824 801 865 enim
821 824 908 865 sine
926 824 1006 865 hoc
1025 824 1263 865 admittitur.
1288 824 1384 865 huic
1403 825 1471 865 ille
1493 824 1680 874 „Nulla‚“

271 1833 289 1861 Ν)

319 889 463 944 inquit,
492 902 633 939 „mora
652 892 715 928 est
722 903 733 936 3
760 886 833 928 sed
852 892 896 926 tu
915 885 1108 935 delibera,
1135 893 1273 926 utrum
1291 886 1468 939 colloqui
1487 885 1606 927 malis
1631 901 1684 927 an

319 968 393 1008 per
421 951 578 992 litteras
610 964 752 1004 agere,
786 963 892 1002 quae
923 949 1094 1004 cogitas.
1132 963 1303 989 necesse
1329 954 1392 989 est
1423 949 1550 998 enim,
1584 948 1619 989 si
1641 948 1683 989 in

319 1019 586 1067 conspectum
615 1010 797 1059 veneris,
829 1011 1016 1051 venerari
1047 1016 1086 1051 te
1115 1025 1257 1065 regem
1283 1009 1413 1064 (quod
1443 1009 1684 1065 προσκύνη-

320 1091 385 1117 σιν
415 1075 474 1115 illi
503 1072 684 1127 vocant).
722 1072 802 1113 hoc
832 1072 868 1113 si
899 1072 973 1113 tibi
996 1087 1123 1127 grave
1149 1079 1229 1122 est,
1261 1087 1335 1127 per
1364 1087 1430 1113 me
1460 1072 1588 1113 nihilo
1621 1087 1683 1114 se-

319 1140 405 1180 cius
438 1137 557 1179 editis
588 1136 792 1178 mandatis
818 1135 1029 1185 conficies,
1061 1136 1174 1189 quod
1199 1136 1381 1177 studes.“
1421 1142 1508 1176 tum
1535 1134 1682 1176 Conon

320 1201 454 1252 „Mihi
477 1202 615 1249 ver0,“
641 1199 784 1252 inquit,
814 1213 923 1249 „non
942 1204 1005 1239 est
1023 1213 1162 1253 grave,
1189 1198 1377 1251 quemvis
1398 1198 1596 1239 honorem
1610 1198 1683 1238 ha·-

318 1263 414 1304 bere
444 1262 551 1317 regi3
583 1261 658 1302 sed
686 1275 848 1309 vereor,
881 1275 932 1301 ne
958 1260 1112 1301 civitati
1143 1274 1260 1300 meae
1286 1260 1338 1300 sit
1362 1259 1600 1314 opprobrio,
1634 1260 1680 1308 si,

318 1340 413 1366 cum
438 1339 489 1364 ex
515 1338 564 1364 ea
588 1323 666 1363 sim
690 1322 920 1376 profectus,
952 1336 1058 1375 quae
1084 1321 1229 1362 ceteris
1261 1321 1454 1375 gentibus
1480 1321 1681 1375 imperare

317 1385 541 1433 consuerit,
578 1383 715 1438 potius
751 1382 1021 1424 barbarorum
1045 1397 1171 1436 quarn
1206 1382 1315 1423 illius
1347 1396 1460 1423 more
1485 1382 1676 1437 fungar.“

316 1448 472 1500 itaque,
498 1460 605 1499 quae
629 1445 726 1486 huic
750 1444 934 1494 volebat,
962 1444 1114 1499 scripta
1138 1444 1317 1485 tradidit.

383 1507 459 1550 IV.
499 1507 663 1560 Quibus
690 1506 866 1561 cognitis
890 1521 964 1547 rex
983 1512 1144 1547 tantum
1162 1506 1403 1547 auctoritate
1430 1505 1517 1546 eius
1543 1510 1680 1546 motus

316 1578 395 1620 est,
427 1576 474 1611 ut
504 1576 544 1611 et
569 1569 894 1623 Tissaphernem
924 1569 1087 1610 hostem
1117 1568 1308 1609 iudicarit
1332 1574 1372 1609 et
1395 1567 1681 1609 Lacedaemo-

314 1633 406 1673 nios
431 1631 539 1673 bello
563 1631 757 1686 persequi
786 1630 953 1672 iusserit
985 1637 1024 1671 et
1050 1630 1087 1671 ei
1111 1630 1362 1685 permiserit,
1395 1644 1517 1683 quem
1543 1628 1678 1678 vellet,

316 1695 467 1750 eligere
498 1694 551 1734 ad
581 1694 904 1748 dispensandam
934 1693 1165 1748 pecuniam.
1214 1693 1257 1733 id
1288 1692 1501 1734 arbitrium
1533 1690 1680 1733 Conon

314 1756 483 1811 negavit
508 1756 572 1797 sui
597 1770 689 1796 esse
714 1755 886 1804 consilii,
915 1755 987 1795 sed
1006 1755 1149 1809 ipsius,
1176 1755 1247 1807 qui
1266 1754 1419 1809 optime
1440 1768 1536 1795 suos
1555 1767 1679 1794 nosse

316 1818 501 1867 deberet3
528 1817 601 1858 sed
620 1832 664 1858 se
685 1817 871 1866 suadere,
897 1816 1172 1857 Pharnabazo
1191 1817 1234 1856 id
1253 1817 1407 1871 negotii
1426 1816 1552 1856 daret.
1584 1815 1679 1855 hinc

315 1879 477 1934 magnis
497 1878 736 1919 muneribus
756 1879 931 1920 donatus
958 1879 1010 1919 ad
1029 1893 1141 1918 mare
1167 1884 1230 1919 est
1253 1878 1420 1926 missus,
1446 1883 1491 1917 ut
1511 1876 1677 1931 Cypriis

315 1948 355 1982 et
379 1940 658 1982 Phoenicibus
684 1940 912 1994 ceterisque
937 1940 1151 1981 maritimis
1178 1939 1412 1980 civitatibus
1437 1953 1565 1980 naves
1591 1939 1680 1979 lon-

314 2018 391 2057 gas
415 2003 635 2057 imperaret
653 2002 924 2055 classemque,
952 2016 1033 2054 qua
1057 2001 1245 2055 proxima
1263 2007 1419 2042 aestate
1443 2015 1556 2041 mare
1575 2000 1678 2040 tueri

316 2071 475 2118 posset,
503 2069 778 2118 compararet,
805 2064 901 2104 dato
927 2064 1113 2104 adiutore
1137 2062 1430 2112 Pharnabazo,
1459 2062 1565 2103 sicut
1588 2062 1677 2115 ipsc

315 2126 513 2167 voluerat.
561 2126 604 2166 id
634 2132 680 2166 ut
710 2125 1056 2166 Lacedaemoniis
1089 2132 1151 2166 est
1187 2125 1438 2173 nuntiatum,
1476 2138 1560 2164 non
1591 2124 1678 2163 sinc

315 2202 413 2229 cura
436 2202 523 2229 rem
548 2187 854 2237 administrant,
887 2187 997 2241 quod
1027 2187 1160 2227 maius
1191 2186 1345 2228 bellum
1376 2185 1590 2226 imminere
1615 2200 1678 2225 ar-

314 2249 587 2299 bitrabantur,
625 2264 750 2302 quam
787 2250 822 2290 si
859 2264 953 2290 cum
989 2248 1164 2290 barbaro
1202 2248 1335 2289 solum
1371 2246 1676 2288 contenderent.

313 2327 408 2352 nam
439 2311 587 2352 ducem
617 2311 785 2360 fortem,
820 2309 897 2366 [ct]
930 2311 1175 2365 prudentem
1198 2309 1309 2364 regis
1341 2308 1488 2363 opibus
1514 2307 1679 2362 praefu-

314 2381 451 2414 turum
476 2387 525 2414 ac
551 2387 692 2414 secum
717 2373 1007 2413 dimicaturum
1032 2371 1246 2420 videbant,
1273 2385 1397 2424 quem
1421 2384 1555 2423 neque
1580 2383 1677 2410 con-

315 2435 405 2476 silio
436 2449 570 2488 neque
602 2435 731 2489 copiis
763 2449 958 2488 superare
988 2439 1171 2488 possent.
1208 2433 1286 2474 hac
1316 2438 1453 2472 mente
1483 2445 1677 2485 magnam

311 2497 558 2538 contrahunt
576 2496 771 2546 classem3
790 2496 1106 2550 proficiscuntur
1124 2495 1329 2536 Pisandro
1347 2494 1466 2534 duce.
1503 2493 1579 2533 hos
1595 2491 1677 2532 Co-

312 2574 394 2599 non
425 2558 536 2613 apud
567 2557 750 2599 Cnidum
782 2559 949 2599 adortus
981 2572 1132 2612 magno
1162 2557 1318 2611 proelio
1349 2555 1487 2610 fugat,
1525 2553 1674 2594 multas

313 2635 439 2660 naves
465 2620 592 2674 capit,
625 2620 858 2674 complures
890 2620 1094 2674 deprimit.
1132 2633 1215 2671 qua
1239 2618 1410 2659 victoria
1433 2631 1516 2657 non
1542 2614 1673 2655 solum

314 2681 523 2730 Athenae,
557 2682 630 2722 scd
662 2682 784 2722 ctiam
817 2688 963 2722 cuncta
990 2679 1186 2729 Graecia,
1218 2694 1324 2732 quac
1357 2677 1434 2719 sub
1459 2676 1674 2718 Lacedae·
1715 2691 1717 2693 ·
