1788 3200
257 936 273 963 ti

261 1493 278 1521 10

299 216 352 257 (32
736 218 980 255 CORNELII
1001 218 1216 255 NEPOTIS

298 298 586 340 inexercitatae
606 303 644 336 et
664 310 746 336 non
766 295 894 336 multo
914 301 1009 336 ante
1028 301 1142 336 erant
1162 303 1405 345 contractae,
1432 295 1654 337 adventare

298 368 434 401 autem
465 359 697 399 dicerentur
720 357 1125 412 Hellespontumque
1150 357 1346 398 transisse
1372 357 1593 412 Antipater
1617 366 1654 398 et

299 422 495 463 Craterus
521 435 673 476 magno
699 434 794 461 cum
820 420 1003 460 exercitu
1026 419 1326 469 Macedonum,
1352 419 1428 460 viri
1455 434 1549 460 cum
1575 419 1656 460 cla-

297 484 414 524 ritate
445 490 532 524 tum
564 498 643 524 usu
673 482 770 524 belli
799 489 1056 537 praestantes
1082 481 1356 534 (Macedones
1382 497 1480 523 vero
1505 481 1655 522 milites

299 561 347 587 ea
377 554 465 586 tum
498 552 613 586 erant
643 545 774 594 fama,
812 559 895 598 qua
919 558 1029 585 nunc
1053 543 1232 584 Romani
1263 544 1468 594 seruntur3
1506 544 1657 585 etenim

300 622 463 662 semper
493 606 622 648 habiti
654 614 750 648 sunt
774 605 1008 654 fortissimi,
1041 606 1112 659 qui
1137 620 1343 646 summam
1367 606 1528 661 imperii
1553 605 1656 661 poti-

299 671 477 723 rentur):
504 670 718 711 Eumenes
743 668 1013 723 intelligebat,
1040 668 1075 709 si
1101 669 1243 722 copiae
1269 683 1368 709 suae
1394 676 1656 724 cognossent,

299 733 498 772 adversus
518 745 622 784 quos
643 731 901 778 ducerentur,
928 744 1009 770 non
1029 730 1152 770 modo
1172 744 1256 770 non
1274 730 1416 779 ituras,
1444 731 1517 771 scd
1537 730 1656 771 simul

257 811 267 825 r
299 808 393 833 eum
425 793 568 833 nuntio
599 792 845 846 dilapsuras.
888 791 1027 844 itaque
1058 791 1137 832 hoc
1167 791 1255 832 eius
1280 791 1359 831 suit
1389 792 1659 845 prudentissi-

299 871 431 904 mum,
464 862 510 895 ut
534 854 664 896 deviis
690 853 904 895 itineribus
931 853 1081 894 milites
1107 854 1293 902 duceret,
1318 853 1362 893 in
1387 853 1538 907 quibus
1563 868 1660 894 vera

301 918 442 959 audire
467 933 549 958 non
568 924 749 971 possent,
777 923 817 957 et
841 916 905 957 his
924 915 1203 970 persuaderet,
1232 930 1276 956 se
1296 922 1438 956 contra
1457 916 1659 969 quosdam

302 980 498 1022 barbaros
524 979 741 1034 proficisci.
779 979 918 1032 itaque
944 978 1074 1018 tenuit
1098 977 1177 1018 hoc
1201 977 1457 1032 propositum
1483 984 1522 1018 et
1546 977 1660 1032 prius

300 1043 343 1083 in
362 1042 493 1083 aciem
513 1041 737 1083 exercitum
752 1041 894 1082 eduxit
913 1040 1196 1095 proeliumque
1211 1040 1428 1089 commisit,
1450 1054 1574 1093 quam
1588 1039 1663 1079 mi-

301 1105 392 1145 lites
414 1104 478 1145 sui
498 1104 660 1153 scirent,
687 1118 781 1145 cum
800 1103 950 1156 quibus
971 1118 1085 1143 arma
1104 1102 1349 1143 conferrent.
1382 1102 1519 1143 effecit
1540 1102 1662 1142 etiam

302 1167 403 1207 illud
427 1166 613 1207 locorum
636 1165 1025 1221 praeoccupatione,
1051 1172 1096 1205 ut
1122 1165 1307 1218 equitatu
1331 1164 1467 1219 potius
1494 1163 1663 1204 dimica-

302 1236 381 1278 ret,
412 1244 494 1282 quo
519 1228 612 1283 plus
639 1227 819 1277 valebat,
852 1242 976 1280 quam
1002 1227 1204 1281 peditatu,
1230 1242 1312 1280 quo
1339 1233 1425 1267 erat
1449 1226 1661 1267 deteriore.

373 1291 449 1332 IV.
490 1290 679 1344 Quorum
705 1290 903 1331 acerrimo
937 1304 1139 1330 concursu
1165 1304 1260 1330 cum
1284 1304 1479 1343 magnam
1505 1294 1663 1342 partem

303 1353 384 1393 diei
405 1359 514 1394 esset
533 1359 833 1407 oppugnatum,
855 1351 965 1392 cadit
979 1350 1176 1392 Craterus
1196 1351 1282 1391 dux
1301 1357 1340 1391 et
1353 1350 1662 1405 NeoptolemuS,

306 1415 377 1469 qui
407 1415 636 1456 secundum
666 1414 805 1455 locum
835 1413 996 1468 imperii
1021 1412 1201 1453 tenebat.
1239 1427 1333 1453 cum
1358 1412 1437 1453 hoc
1462 1412 1664 1453 concurrit

306 1478 395 1532 ipse
419 1476 646 1517 Eumenes.
689 1476 760 1529 qui
791 1491 885 1517 cum
916 1475 1022 1516 inter
1053 1490 1096 1516 se
1129 1474 1335 1529 complexi
1366 1474 1408 1515 in
1438 1480 1589 1515 terram
1615 1488 1665 1513 ex

305 1539 422 1593 equis
448 1539 710 1588 decidissent,
738 1545 783 1579 ut
807 1537 928 1579 facile
947 1537 1121 1592 intelligi
1145 1543 1316 1592 possent
1340 1537 1507 1577 inimica
1530 1542 1667 1577 mente

306 1602 569 1643 contendisse
600 1601 821 1654 animoque
852 1600 987 1656 magis
1020 1601 1144 1641 etiam
1179 1614 1392 1655 pugnasse
1424 1614 1549 1653 quam
1579 1613 1668 1639 cor-

305 1679 417 1720 pore,
444 1680 526 1705 non
550 1664 665 1719 prius
691 1663 876 1704 distracti
902 1669 1009 1712 sunt,
1036 1677 1161 1716 quam
1187 1662 1361 1703 alterum
1386 1662 1524 1702 anima
1547 1660 1669 1701 relin-

307 1734 462 1781 queret.
501 1726 553 1768 ab
579 1726 657 1767 hoc
683 1726 839 1780 aliquot
862 1725 998 1780 plagis
1017 1725 1231 1766 Eumenes
1257 1724 1507 1773 vulneratur,
1534 1737 1667 1776 neque

307 1805 356 1830 co
382 1789 514 1844 magis
535 1804 586 1829 ex
609 1789 765 1843 proelio
787 1788 976 1837 excessit,
1004 1788 1078 1829 sed
1097 1788 1231 1829 acrius
1252 1787 1393 1828 hostes
1413 1786 1571 1827 institit.
1603 1785 1669 1825 hic

309 1851 515 1905 equitibus
541 1850 783 1905 profligatis,
810 1850 1027 1891 interfecto
1054 1850 1158 1890 duce
1175 1849 1358 1897 Cratero,
1386 1848 1526 1889 multis
1551 1862 1669 1902 prae-

309 1922 421 1955 terea
441 1922 481 1955 et
500 1914 679 1954 maxime
699 1913 906 1954 nobilibus
929 1913 1072 1967 captis,
1099 1913 1292 1967 pedester
1311 1911 1530 1959 exercitus,
1557 1910 1666 1964 quod

308 1977 350 2017 in
381 1991 430 2017 ea
465 1976 556 2017 loca
592 1983 677 2017 erat
716 1976 937 2026 deductus,
977 1982 1022 2015 ut
1058 1975 1186 2015 invito
1216 1974 1407 2014 Eumene
1444 1972 1551 2014 elabi
1587 1987 1668 2013 non

308 2045 462 2094 posset,
489 2054 635 2093 pacem
660 2038 711 2080 ab
732 2053 780 2079 eo
805 2038 919 2093 petit.
958 2053 1082 2092 quam
1103 2052 1197 2078 cum
1222 2037 1496 2091 impetrasset,
1524 2036 1565 2075 in
1589 2035 1669 2075 fide

311 2117 393 2142 non
417 2102 569 2142 mansit
594 2109 634 2142 et
660 2116 716 2150 se,
745 2101 867 2142 simul
893 2115 940 2141 ac
965 2100 1109 2155 potuit,
1137 2100 1189 2140 ad
1210 2099 1477 2154 Antipatrum
1502 2097 1668 2152 recepit.

312 2164 524 2204 Eumenes
552 2163 770 2205 Craterum
811 2178 861 2204 ex
894 2163 981 2204 acic
1019 2163 1266 2204 semivivum
1305 2162 1457 2202 elatum
1487 2175 1670 2201 recreare

312 2226 488 2276 studuit3
514 2241 608 2267 cum
634 2226 676 2267 id
700 2241 783 2267 non
806 2232 960 2280 posset,
986 2240 1060 2280 pro
1086 2225 1263 2266 hominis
1290 2224 1489 2278 dignitate
1514 2237 1670 2277 proque

310 2289 483 2344 pristina
508 2289 687 2330 amicitia
712 2289 907 2342 (namque
933 2288 1002 2329 illo
1028 2303 1130 2329 usus
1162 2294 1260 2336 crat,
1292 2286 1532 2327 Alexandro
1563 2285 1670 2334 vivo,

313 2351 585 2405 familiariter)
612 2351 749 2406 amplo
775 2351 919 2392 funere
946 2350 1092 2391 extulit
1117 2364 1295 2403 ossaque
1319 2349 1362 2389 in
1381 2347 1671 2388 Macedoniam

314 2414 431 2454 uxori
457 2414 545 2454 eius
572 2428 620 2454 ac
646 2413 784 2455 liberis
809 2413 979 2454 remisit.

381 2475 434 2517 V.
473 2475 593 2517 Haec
619 2476 717 2516 dum
743 2476 854 2531 apud
869 2476 1191 2530 Hellespontum
1218 2480 1429 2529 geruntur,
1451 2472 1672 2514 Perdiccas

314 2538 425 2593 apud
455 2538 596 2579 Nilum
635 2539 788 2579 flumen
825 2538 1068 2578 interficitur
1103 2553 1128 2578 a
1161 2536 1337 2579 Seleuco
1376 2542 1415 2576 et
1445 2534 1670 2589 AntigonO,

315 2618 535 2656 rerumque
562 2618 724 2643 summa
749 2602 801 2643 ad
826 2601 1094 2656 Antipatrum
1121 2600 1316 2641 defertur.
1356 2599 1433 2648 liic,
1460 2598 1531 2651 qui
1555 2597 1672 2637 desc—

315 2672 491 2713 ruerant,
519 2665 701 2705 exercitu
727 2664 972 2719 suffragium
1000 2663 1155 2704 ferente
1175 2662 1320 2717 capitis
1346 2661 1537 2702 absentes
1558 2658 1672 2697 dam-

318 2734 477 2775 nantur,
516 2726 557 2766 in
595 2727 657 2766 liis
689 2726 915 2766 Eumenes.
966 2725 1042 2765 hac
1080 2725 1146 2765 illc
1178 2723 1392 2778 perculsus
1430 2721 1554 2776 plaga
1590 2735 1671 2759 non
