1741 3184
632 229 928 267 AGESILAUS.
1400 221 1453 262 57

101 322 149 349 eo
168 307 427 362 potissimum
447 305 586 346 hostes
601 305 800 359 impetum
814 305 1009 354 factm-03,
1036 320 1179 347 omnes
1201 320 1297 347 suas
1313 306 1453 360 copias

101 384 148 410 eo
185 374 453 410 contraxerat.
504 373 544 407 at
574 366 799 421 Agesilaus
838 367 879 406 in
910 367 1138 422 Phrygiam
1174 382 1218 409 se
1255 368 1454 409 convertit
1480 381 1498 410 2

101 445 273 485 eamque
292 431 405 485 prius
425 429 698 483 depopulatus
719 436 792 477 est,
820 443 944 481 quam
959 430 1259 484 Tissaphernes
1279 445 1453 484 usquam

101 507 145 533 se
169 499 363 533 moveret.
400 506 552 545 magna
576 490 730 545 praeda
749 489 946 531 militibus
967 491 1224 544 locupletatis
1238 491 1455 546 Ephesum

101 554 326 594 hiematum
358 552 582 593 exercitiun
614 552 777 592 reduxit
808 559 930 605 atque
955 551 1013 592 ibi
1044 552 1221 593 officinis
1248 568 1454 594 armorum

99 615 295 656 institutis
326 630 479 669 magna
508 614 710 655 industria
741 613 895 654 bellum
927 614 1152 668 apparavit.
1197 621 1236 655 et
1261 629 1342 668 quo
1369 622 1455 655 stu-

100 677 255 718 diosius
281 683 537 717 armarentur
566 676 852 731 insigniusque
878 682 1129 725 ornarentur,
1155 676 1338 730 praemia
1362 691 1455 731 pro-

99 738 250 792 posuit,
278 738 429 791 quibus
456 739 722 787 donarentur,
755 752 929 791 quorum
955 738 1123 793 egregia
1146 738 1189 778 iu
1214 753 1262 779 ea
1286 753 1329 779 re
1354 739 1457 779 fuis-

101 807 163 841 set
186 801 399 841 industria.
438 801 535 841 fecit
560 801 669 841 idem
694 800 737 840 in
762 800 1098 840 exercitationum
1123 800 1364 855 generibus,
1396 807 1453 850 ut,
1482 814 1499 841 3

100 862 170 915 qui
196 862 340 903 ceteris
367 863 684 917 praestitissent,
713 877 782 903 eos
808 862 969 917 magnis
995 862 1178 903 afficeret
1202 861 1454 904 muneribus.

100 924 163 964 his
189 925 314 979 igitur
338 924 461 965 rebus
488 924 641 972 effecit,
674 931 719 964 ut
744 930 783 964 et
808 924 1115 964 ornatissimum
1141 930 1181 964 et
1206 924 1457 964 exercitatis-

102 986 251 1025 simum
276 985 446 1026 haberet
470 986 706 1025 exercitum.
745 984 840 1025 huic
866 1000 960 1025 cum
993 991 1155 1039 tempus
1182 991 1291 1026 esset.
1321 985 1455 1025 visum
1482 1000 1500 1027 4

100 1047 240 1101 copias
272 1047 485 1087 extrahere
516 1062 568 1087 ex
592 1046 887 1095 hibernaculis,
920 1046 1033 1095 vidit,
1067 1047 1114 1095 si,
1140 1061 1222 1099 quo
1248 1053 1357 1087 esset
1381 1047 1458 1086 iter

99 1109 297 1157 facturus,
324 1109 461 1162 palam
474 1108 793 1162 pronuntiasset,
819 1108 961 1148 hostes
987 1123 1070 1148 non
1085 1108 1309 1148 credituros
1336 1108 1457 1148 alias-

99 1185 179 1223 que
214 1171 404 1225 regiones
446 1170 662 1224 praesidiis
699 1178 971 1224 occupaturos
1008 1185 1141 1223 neque
1183 1170 1454 1219 dubitaturos,

99 1231 210 1272 aliud
231 1246 322 1273 esse
348 1232 554 1272 facturum
575 1246 621 1272 ac
640 1232 960 1286 pronuntiasset.
998 1232 1136 1285 itaque
1157 1246 1251 1272 cum
1276 1232 1343 1273 ille
1359 1230 1456 1273 Sar-
1481 1245 1500 1274 5

98 1294 160 1334 dis
192 1294 343 1334 iturum
375 1309 419 1334 se
446 1294 629 1342 dixisset,
657 1294 957 1348 Tissaphernes
990 1294 1162 1334 eandem
1189 1293 1355 1335 Cariam
1386 1293 1457 1334 de-

98 1356 348 1397 fendendam
384 1357 555 1410 putavit.
610 1356 652 1396 in
688 1370 770 1409 quo
807 1371 901 1396 cuin
937 1371 1031 1397 eum
1068 1356 1204 1410 opinio
1240 1356 1458 1397 fefellisset

98 1418 334 1471 victumque
366 1433 410 1459 se
436 1418 606 1459 vidisset
637 1418 826 1467 consilio,
860 1432 950 1458 sero
978 1418 1062 1458 suis
1088 1418 1292 1472 praesidio
1318 1417 1455 1472 profe-

99 1490 188 1520 ctus
221 1486 294 1520 est.
344 1495 440 1520 nam
472 1495 566 1520 cum
597 1480 667 1520 illo
699 1480 898 1529 venisset,
937 1480 1018 1519 iam
1051 1478 1276 1534 Agesilaus
1314 1479 1453 1520 multis

98 1541 198 1582 locis
225 1542 470 1597 expugnatis
496 1558 648 1597 magna
672 1548 764 1583 erat
787 1542 943 1596 praeda
966 1541 1133 1596 potitus.
1160 1542 1278 1582 Laco
1303 1548 1452 1591 autem,
1480 1555 1498 1585 6

98 1618 192 1644 eum
217 1604 374 1644 videret
399 1604 538 1645 hostes
559 1605 743 1657 equitatu
768 1618 973 1658 superare,
1001 1618 1225 1656 numquam
1246 1603 1287 1643 in
1307 1618 1454 1658 campo

99 1666 162 1706 sui
187 1665 285 1706 fecit
308 1672 556 1720 potestatem
586 1672 626 1707 et
656 1666 706 1707 iis
731 1666 832 1707 locis
858 1681 1025 1706 manum
1052 1666 1275 1714 conseruit,
1303 1665 1453 1719 quibus

97 1727 191 1781 plus
216 1727 428 1781 pedestres
455 1728 596 1782 copiae
621 1728 815 1768 valerent.
856 1728 1013 1782 pepulit
1038 1742 1149 1782 ergo,
1176 1728 1455 1780 quotiescum-

97 1804 177 1842 que
202 1804 451 1844 eongressus
483 1795 563 1839 est,
596 1790 726 1830 multo
752 1790 926 1830 maiores
952 1790 1280 1830 adversariorum
1311 1789 1451 1843 copias

97 1858 137 1890 et
168 1851 226 1891 sic
258 1851 299 1890 in
323 1851 429 1892 Asia
459 1858 646 1892 versatus
680 1858 753 1901 est,
792 1858 836 1892 ut
873 1851 1057 1892 omnium
1093 1851 1287 1906 opinione
1324 1851 1454 1892 vietor

96 1913 324 1954 duceretur.

163 1974 240 2016 IV.
278 1975 362 2016 Hie
388 1990 481 2017 cum
506 1976 588 2017 iam
614 1976 751 2018 animo
777 1976 1042 2018 meditaretur
1066 1976 1271 2030 proficisci
1297 1977 1338 2017 in
1352 1976 1453 2016 Per·
1480 1989 1494 2017 1

96 2053 163 2078 sas
190 2043 230 2078 ct
254 2038 390 2093 ipsum
420 2054 561 2094 regem
586 2040 748 2089 adoriri,
782 2040 949 2081 nuntius
982 2040 1018 2080 ei
1044 2039 1164 2080 domo
1190 2039 1301 2079 venit
1326 2039 1453 2093 epho-

94 2116 232 2141 rorum
268 2101 418 2151 missu,
462 2101 616 2142 bellum
646 2101 927 2144 Athenienses
965 2110 1005 2144 et
1035 2102 1215 2143 Boeotos
1252 2102 1450 2142 indixisse

94 2163 437 2204 Lacedaemoniis
447 2180 457 2213 3
494 2178 620 2217 quare
657 2165 796 2206 venire
831 2180 883 2206 ne
920 2164 1136 2206 dubitaret„
1186 2164 1228 2204 in
1260 2164 1337 2205 hoc
1368 2179 1447 2204 non

94 2224 229 2265 minus
250 2226 336 2266 eius
357 2226 487 2279 pietas
514 2227 776 2281 suspicienda
796 2233 858 2268 est
882 2242 1006 2280 quam
1028 2227 1156 2267 virtus
1176 2226 1339 2267 bellica:
1366 2226 1448 2278 qui,

95 2300 188 2326 cum
213 2287 357 2327 victori
382 2295 592 2341 praeesset
617 2289 813 2329 exercitui
833 2290 1138 2342 maximamque
1157 2288 1325 2329 haberet
1345 2288 1449 2328 fidu-

95 2347 200 2387 ciam
230 2349 347 2402 regni
371 2348 595 2390 Persarum
624 2351 830 2403 potiundi,
863 2357 975 2392 tanta
1005 2351 1207 2392 modestia
1238 2351 1345 2390 dicto
1377 2365 1448 2390 au-

95 2408 211 2449 diens
244 2409 322 2449 fuit
351 2410 475 2451 iussis
502 2410 734 2451 absentium
759 2412 1094 2466 magistratuum,
1127 2419 1171 2453 ut
1198 2412 1231 2452 si
1262 2411 1445 2465 privatus

93 2470 135 2510 in
161 2471 324 2511 comitio
357 2477 466 2512 esset
493 2470 679 2525 Spartae.
725 2473 840 2513 cuius
867 2474 1101 2527 exemplum
1133 2474 1289 2513 utinam
1319 2473 1448 2526 impe-

92 2539 247 2573 ratores
274 2533 400 2573 nostri
428 2534 544 2585 sequi
569 2533 813 2574 voluissent!
853 2535 926 2574 scd
950 2535 1047 2574 illuc
1071 2535 1300 2574 redeamus.
1333 2533 1447 2587 Agc-
1474 2546 1491 2573 3

94 2594 219 2635 silaus
246 2594 558 2648 opulentissimo
584 2611 711 2650 regno
737 2596 972 2650 praeposuit
1000 2596 1149 2636 bonam
1177 2595 1444 2635 existimatio-

91 2672 185 2697 nem
211 2657 420 2710 multoque
446 2656 665 2712 gloriosius
692 2659 820 2708 (luxit,
849 2659 882 2698 si
904 2658 1098 2699 institutis
1120 2658 1273 2712 patriae
1287 2659 1446 2712 paruis-

92 2726 170 2769 set,
209 2734 330 2774 quam
365 2719 399 2760 si
430 2719 537 2761 bello
569 2727 804 2775 superasset
836 2720 995 2762 Asiam.
1045 2721 1121 2761 hac
1154 2720 1277 2774 igitur
1307 2727 1442 2761 mente
1471 2730 1489 2757 -1

1475 2174 1493 2202 [ὑ
