1788 3200
312 198 367 239 94
749 201 992 237 CORNELII
1011 201 1222 238 NEPOTIS

311 294 474 335 quoque
499 285 633 327 ortus,
661 291 765 330 quos
789 276 967 318 honores
993 277 1227 331 quibusque
1252 279 1507 333 temporibus
1533 281 1664 335 cepis-

311 348 391 391 set3
417 340 506 395 pari
530 339 653 380 modo
678 338 869 379 Marcelli
895 338 1079 389 Claudii,
1114 337 1205 395 [de]
1231 339 1546 391 Marcellorum,
1575 341 1666 383 Sci-

308 403 442 458 pionis
459 401 641 444 Cornelii
666 407 706 442 et
718 400 840 443 Fabii
852 400 1042 452 Maximi,
1068 401 1296 443 Fabiorum
1322 408 1363 444 et
1375 402 1664 444 Aemiliorum.

263 480 283 508 4
308 464 458 519 quibus
493 463 610 506 libris
648 463 749 504 nihil
784 469 921 518 potest
956 478 1049 505 esse
1079 463 1239 505 dulcius
1271 464 1341 514 iis,
1379 465 1450 519 qui
1485 464 1668 518 aliquam

263 542 282 571 5
308 526 575 582 cupiditatem
593 525 748 567 habent
771 525 939 567 notitiae
959 526 1163 567 clarorum
1180 525 1374 567 virorum.
1411 526 1548 583 attigit
1566 541 1668 581 quo-

308 603 388 643 que
417 588 625 644 poeticen3
663 588 887 637 eredimus,
919 602 972 628 ne
997 587 1086 628 eius
1118 602 1265 641 expers
1297 595 1407 629 esset
1437 589 1665 630 suavitatis.

307 665 486 705 namque
511 649 720 698 versibus,
753 649 824 702 qui
848 649 1003 690 honore
1033 663 1254 702 rerumque
1278 655 1489 704 gestarum
1522 650 1667 705 ampli-

263 727 281 756 6
308 713 450 754 tudine
480 718 636 753 ceteros
662 711 841 752 Romani
865 711 1008 765 populi
1038 710 1347 764 praestiterunt,
1381 713 1572 766 exposuit
1595 713 1664 761 ita,

306 781 352 815 ut
371 774 448 815 sub
469 773 727 828 singulorum
751 772 1003 827 imaginibus
1028 772 1139 813 sacta
1157 772 1506 827 magistratusque
1525 789 1666 815 eorum

307 851 389 877 non
432 835 609 891 amplius
646 834 858 888 quaternis
901 834 1121 887 quinisque
1156 833 1346 875 versibus
1390 835 1666 890 descripserit,

307 898 418 952 quod
442 897 514 938 vix
538 896 791 938 eredendum
816 895 886 945 sit,
919 902 1053 937 tantas
1078 910 1144 936 res
1170 902 1255 937 tam
1279 896 1457 937 breviter
1480 897 1666 951 potuisse

307 960 517 1001 declarari.
556 966 618 1001 est
643 958 767 1000 etiam
791 973 899 1000 unus
924 958 1040 1008 liber,
1063 956 1222 1000 Graece
1243 958 1469 1009 consectus,
1497 959 1548 1000 de
1572 973 1669 1000 eon-

308 1022 446 1063 sulatu
472 1021 698 1064 Ciceronis.

264 1099 279 1127 1
374 1084 507 1126 XIX.
544 1084 761 1125 Hactenus
780 1082 924 1125 Attico
949 1083 1044 1124 vivo
1070 1083 1179 1124 edita
1203 1098 1228 1124 a
1252 1083 1372 1125 nobis
1398 1090 1505 1126 sunt.
1545 1099 1666 1134 nune,

307 1146 504 1200 quoniam
540 1146 707 1188 fortuna
741 1160 817 1187 nos
857 1145 1098 1200 superstites
1131 1145 1169 1186 ei
1199 1160 1291 1187 esse
1322 1145 1471 1196 voluit,
1509 1147 1668 1200 reliqua

306 1223 621 1263 persequemur,
660 1216 717 1258 et,
749 1215 950 1262 quantum
984 1207 1259 1263 potuerimus,
1297 1223 1435 1249 rerum
1466 1209 1666 1264 exemplis

306 1271 479 1312 lectores
505 1270 766 1320 docebimus,
799 1270 906 1311 sicut
931 1285 1057 1324 supra
1082 1270 1423 1324 significavimus,
1458 1286 1555 1312 suos
1582 1272 1668 1312 eui-

262 1346 280 1375 2
306 1347 387 1387 que
417 1347 552 1374 mores
588 1332 832 1387 plerumque
862 1332 1080 1373 conciliare
1116 1331 1337 1373 fortunam.
1386 1347 1564 1386 namque
1600 1333 1668 1374 hic

306 1400 523 1436 contentus
554 1394 697 1436 ordine
728 1393 927 1447 equestri,
959 1408 1042 1446 quo
1073 1400 1160 1435 erat
1190 1400 1323 1443 ortus,
1355 1394 1399 1434 in
1423 1394 1667 1435 affinitatem

305 1456 493 1511 pervenit
522 1456 781 1511 imperatoris
806 1455 909 1496 Divi
939 1455 1029 1505 filii,
1062 1470 1158 1496 cum
1181 1455 1264 1496 iam
1289 1462 1383 1497 ante
1414 1455 1668 1498 familiarita-

306 1526 390 1560 tem
426 1519 515 1561 eius
547 1525 657 1560 esset
688 1525 936 1560 consecutus
972 1518 1086 1559 nulla
1115 1518 1196 1559 alia
1225 1533 1268 1559 re
1299 1533 1426 1572 quam
1462 1518 1668 1574 elegantia

306 1581 433 1631 vitae,
470 1595 554 1635 qua
590 1587 748 1623 eeteros
785 1586 950 1636 ceperat
985 1580 1193 1635 principes
1230 1580 1426 1631 civitatis,
1465 1581 1665 1637 dignitate

262 1657 280 1685 3
304 1644 407 1698 pari,
432 1643 599 1685 fortuna
623 1643 875 1685 humiliores.
912 1649 1025 1684 tanta
1045 1643 1154 1684 enim
1172 1643 1425 1698 prosperitas
1442 1642 1666 1684 Caesarem

305 1711 368 1747 est
393 1712 633 1755 consecuta,
658 1712 705 1747 ut
728 1706 829 1747 nihil
854 1706 892 1747 ei
916 1721 999 1747 non
1024 1705 1211 1747 tribuerit
1235 1705 1418 1755 fortuna,
1445 1706 1557 1759 quod
1582 1706 1667 1746 eui-

305 1783 431 1821 quam
455 1774 550 1810 ante
575 1768 778 1818 detulerit,
806 1775 845 1809 et
864 1768 1102 1818 conciliarit,
1129 1769 1242 1822 quod
1266 1783 1388 1809 nemo
1409 1768 1544 1809 adhue
1563 1768 1665 1809 civis

260 1844 281 1872 4
305 1830 520 1872 Romanus
552 1830 684 1884 quivit
714 1831 923 1884 consequi.
973 1837 1070 1871 nata
1100 1837 1164 1871 est
1194 1837 1333 1872 autem
1357 1829 1500 1871 Attico
1530 1830 1664 1884 neptis

305 1907 357 1933 ex
381 1892 590 1948 Agrippa,
617 1893 684 1934 eui
708 1893 910 1948 virginem
935 1893 1062 1933 filiam
1088 1892 1317 1933 collocarat.
1361 1892 1468 1933 hane
1494 1891 1663 1941 Caesar,

304 1954 375 1995 vix
399 1954 645 2005 anniculam,
673 1955 841 1996 Tiberio
856 1954 1032 1996 Claudio
1045 1953 1211 2003 Neroni,
1237 1953 1425 1995 Drusilla
1448 1959 1557 2003 nato,
1583 1954 1666 2008 pri—

304 2017 429 2073 vigno
456 2033 544 2067 suo,
571 2018 809 2073 despondit3
835 2033 941 2072 quae
967 2018 1200 2059 coniunctio
1224 2017 1572 2059 necessitudinem
1598 2032 1666 2058 co-

304 2095 397 2120 rum
422 2081 570 2130 sanxit,
598 2081 920 2122 familiaritatem
944 2080 1122 2122 reddidit
1147 2080 1481 2133 frequentiorem.

262 2154 277 2183 1
371 2141 481 2183 XX.
521 2141 725 2196 Quamvis
751 2149 845 2184 ante
870 2143 972 2184 haee
993 2142 1201 2197 sponsalia
1220 2156 1303 2183 non
1323 2141 1470 2191 solum,
1498 2155 1593 2182 cum
1616 2141 1667 2182 ab

304 2203 407 2245 urbe
443 2204 627 2254 abesset,
664 2219 891 2258 numquam
923 2205 976 2246 ad
1013 2219 1183 2246 suorum
1219 2218 1471 2257 quemquam
1506 2203 1663 2244 litteras

304 2265 433 2316 misit,
464 2267 565 2320 quin
595 2265 738 2308 Attico
769 2267 966 2316 mitteret,
999 2266 1098 2320 quid
1130 2272 1288 2321 ageret,
1319 2266 1362 2306 in
1391 2265 1535 2320 primis
1566 2264 1666 2318 quid

303 2327 476 2383 legeret,
514 2328 749 2383 quibusque
779 2329 822 2369 in
851 2329 951 2370 loeis
983 2335 1022 2369 et
1053 2328 1252 2382 quamdiu
1277 2333 1388 2369 esset
1417 2333 1664 2376 moraturus,

260 2403 278 2432 2
305 2389 379 2431 sed
398 2390 534 2440 etiam,
556 2405 651 2431 eum
671 2397 781 2432 esset
799 2391 841 2432 in
859 2390 961 2432 urbe
981 2397 1021 2431 et
1039 2396 1206 2445 propter
1224 2389 1405 2431 infinitas
1426 2404 1523 2431 suas
1544 2403 1666 2430 occu-

303 2452 490 2506 pationes
510 2452 647 2494 minus
662 2467 799 2508 saepe,
820 2467 945 2506 quam
966 2452 1101 2502 vellet,
1122 2452 1264 2493 Attico
1283 2451 1500 2501 frueretur,
1525 2450 1664 2491 nullus

305 2513 392 2556 dies
423 2520 576 2556 temere
606 2514 855 2564 intercessit,
887 2529 970 2568 quo
1001 2529 1083 2555 non
1114 2514 1167 2555 ad
1198 2528 1292 2555 eum
1324 2513 1537 2562 scriberet,
1570 2527 1665 2553 cum

305 2576 427 2618 modo
458 2577 614 2631 aliquid
644 2577 695 2619 de
726 2577 968 2631 antiquitate
999 2577 1052 2618 ab
1084 2591 1132 2618 eo
1162 2577 1405 2630 requireret,
1437 2576 1561 2617 modo
1592 2574 1664 2615 ali-

304 2652 429 2691 quam
447 2640 731 2692 quaestionem
744 2639 950 2695 poeticam
963 2639 1000 2680 ei
1019 2645 1277 2694 proponeret,
1297 2638 1501 2679 interdum
1521 2638 1661 2678 iocans

261 2712 280 2742 3
306 2699 393 2741 eius
424 2701 680 2744 verbosiores
713 2702 876 2745 eliceret
906 2701 1115 2756 epistolas.
1166 2716 1217 2743 ex
1248 2715 1329 2755 quo
1361 2700 1527 2748 accidit,
1567 2713 1675 2757 eum>
