1788 3200
260 1110 279 1139 :0

261 2227 280 2256 [Q

260 2477 279 2505 3

304 210 357 264 {32
747 212 987 247 CORNELII
1005 211 1220 248 ΝΕΡοΤ15

304 291 478 339 modica,
505 303 589 329 11011
608 288 750 337 multa,
778 295 823 328 ut
847 288 890 329 111
909 294 1096 329 neutram
1120 294 1279 342 partem
1299 286 1481 342 conspici
1505 294 1659 341 posset.

304 367 380 394 1100
398 350 642 406 praeteribo,
669 364 922 404 quamquam
939 350 1146 392 nonnullis
1165 350 1255 391 leve
1277 350 1412 391 visum
1430 349 1479 389 iri
1498 355 1660 404 putem:

303 429 398 455 cum
422 414 465 453 in
489 413 631 467 primis
656 412 793 453 lautus
820 418 930 454 esset
954 427 1080 466 eques
1104 412 1319 453 Romanus
1346 418 1386 453 et
1410 426 1493 452 non
1514 426 1662 466 parum

302 475 523 517 liberaliter
554 475 722 516 domum
755 490 872 516 suam
904 475 1087 515 omnium
1119 474 1308 515 ordinum
1339 473 1527 514 homines
1557 472 1662 513 invi-

302 544 419 588 taret,
447 537 620 586 scimus,
651 552 735 578 non
768 536 946 591 amplius
971 551 1096 590 quam
1121 542 1237 576 terna
1259 536 1372 576 milia
1398 533 1543 591 [aeris]
1570 549 1662 589 per-

303 614 433 654 aeque
464 599 507 640 in
538 599 723 654 singulos
755 613 919 639 menses
951 612 1003 638 ex
1027 597 1288 652 ephemeride
1313 612 1408 638 011111
1433 612 1659 652 expensum

305 662 487 717 sumptui
506 661 613 702 ferre
639 661 818 702 solitum.
856 667 979 713 atque
1003 659 1081 699 hoc
1100 674 1183 699 non
1203 659 1400 708 auditum,
1428 659 1501 699 sed
1521 659 1660 714 cogni-

305 732 392 765 tum
417 723 726 778 praedicamus:
761 736 885 775 saepe
916 721 1026 761 enim
1056 726 1224 775 propter
1247 720 1565 761 familiaritatem
1590 721 1661 761 do-

303 785 486 826 mesticis
511 783 635 825 rebus
660 782 937 824 interfuimus.

371 845 498 887 XIV.
542 845 674 886 Nemo
710 845 753 885 in
785 844 974 886 convivio
1013 844 1101 885 eius
1133 843 1245 884 aliud
1281 858 1472 884 acroama
1507 843 1660 884 audivit

303 924 427 963 quam
453 913 727 963 anagnosten,
759 906 871 960 quod
895 921 969 947 nos
995 905 1163 959 quidem
1187 905 1531 946 iucundissimum
1556 905 1663 946 arbi-

303 979 477 1020 tramur3
514 984 648 1023 neque
684 983 882 1022 umquam
920 968 1007 1009 sine
1043 968 1181 1022 aliqua
1215 967 1389 1009 lectione
1426 968 1537 1022 apud
1568 982 1661 1008 eum

304 1040 522 1074 coenatum
548 1038 622 1081 est,
649 1038 695 1072 ut
718 1046 800 1072 non
826 1030 963 1071 minus
990 1030 1127 1071 animo
1146 1045 1271 1084 quam
1296 1035 1438 1070 ventre
1464 1030 1663 1071 convivae

305 1095 615 1136 delectarentur.
653 1107 832 1147 namque
858 1107 928 1133 eos
948 1092 1136 1141 vocabat,
1166 1106 1342 1145 quorum
1367 1106 1502 1133 mores
1528 1107 1552 1133 a
1578 1091 1663 1133 suis

304 1172 387 1198 non
412 1156 687 1198 abhorrerent.
726 1170 820 1196 cum
845 1160 958 1195 tanta
981 1154 1181 1209 pecuniae
1200 1153 1311 1194 facta
1330 1160 1441 1194 05501
1465 1153 1661 1202 accessio,

305 1219 406 1260 nihil
431 1219 482 1259 de
518 1218 758 1272 quotidiano
784 1216 897 1257 cultu
926 1216 1120 1265 mutavit,
1151 1215 1254 1256 nihil
1278 1216 1329 1256 de
1359 1215 1467 1256 vitae
1492 1230 1664 1257 consue-

305 1281 458 1329 tudine,
485 1286 678 1333 tantaque
705 1294 805 1320 usus
825 1285 888 1319 est
911 1278 1204 1328 moderatione,
1231 1288 1276 1318 ut
1294 1292 1427 1331 neque
1451 1278 1494 1318 in
1514 1285 1664 1318 sester-

306 1343 361 1383 tio
392 1342 536 1391 vicies,
575 1341 686 1394 quod
716 1356 740 1381 a
769 1346 885 1395 patre
917 1346 1149 1394 acceperat,
1187 1354 1333 1394 parum
1371 1354 1414 1380 se
1452 1339 1664 1393 splendide

305 1404 498 1461 gesserit,
543 1418 676 1457 neque
719 1403 761 1444 in
809 1403 996 1444 sestertio
1040 1402 1193 1443 centies
1242 1401 1477 1442 affluentius
1519 1401 1664 1441 vixerit

305 1482 431 1521 quam
454 1466 705 1514 instituerat,
737 1464 907 1520 parique
939 1464 1106 1519 fastigio
1133 1463 1290 1505 steterit
1318 1463 1360 1504 in
1384 1470 1557 1516 utraque
1583 1462 1666 1503 for-

305 1537 416 1570 tuna.
452 1528 588 1569 nullos
613 1527 758 1568 habuit
782 1527 937 1577 hortos,
963 1527 1118 1567 nullam
1145 1525 1425 1567 suburbanam
1450 1531 1520 1565 aut
1545 1525 1666 1565 mari-

305 1592 449 1632 timam
475 1597 759 1645 sumptuosam
780 1589 933 1639 villam,
961 1603 1093 1643 neque
1119 1589 1161 1629 in
1175 1588 1307 1638 Italia,
1333 1594 1495 1642 praeter
1506 1586 1665 1628 Arreti-

304 1670 404 1695 num
430 1660 470 1694 et
493 1653 819 1702 Nomentanum,
846 1652 1045 1693 rusticum
1069 1652 1284 1707 praedium
1293 1667 1303 1701 3
1335 1650 1551 1704 omnisque
1577 1650 1664 1691 eius

304 1716 504 1771 pecuniae
528 1715 684 1756 reditus
711 1714 926 1756 constabat
950 1714 992 1754 in
1005 1713 1228 1769 Epiroticis
1249 1720 1290 1754 et
1313 1712 1481 1754 urbanis
1500 1726 1666 1767 posses-

307 1777 506 1819 sionibus.
555 1791 607 1817 ex
638 1792 720 1829 quo
752 1777 949 1831 cognosci
984 1783 1138 1831 potest,
1176 1791 1300 1817 usum
1337 1789 1431 1817 eum
1466 1773 1666 1829 pecuniae

306 1855 389 1881 non
414 1839 711 1894 magnitudine,
739 1839 813 1879 sed
837 1839 994 1879 ratione
1019 1838 1154 1879 metiri
1180 1838 1358 1879 solitum.

375 1901 477 1943 XV.
521 1900 792 1942 Mendacium
827 1915 961 1955 neque
999 1900 1164 1941 dicebat
1199 1914 1333 1954 neque
1369 1899 1455 1954 pati
1489 1904 1663 1953 poterat.

305 1965 443 2018 itaque
470 1963 557 2004 eius
584 1962 756 2004 comitas
782 1977 864 2003 non
891 1962 977 2003 sine
1004 1962 1221 2004 severitate
1247 1967 1344 2011 erat,
1369 1975 1504 2014 neque
1529 1960 1665 2016 gravi-

306 2035 368 2067 tas
396 2026 485 2066 sine
511 2025 727 2074 facilitate,
760 2031 804 2065 ut
829 2024 998 2065 difficile
1024 2031 1135 2065 esset
1158 2023 1380 2071 intellectu,
1407 2028 1545 2063 utrum
1570 2036 1665 2063 011111

305 2088 427 2129 amici
451 2087 585 2143 magis
610 2093 850 2128 vererentur
879 2102 931 2128 an
957 2092 1153 2128 amarent.
1196 2085 1397 2139 quidquid
1427 2083 1663 2139 rogabatur,

304 2149 497 2205 religiose
528 2148 811 2203 promittebat,
844 2149 955 2203 quod
979 2164 1060 2189 non
1093 2148 1292 2196 liberalis,
1326 2147 1399 2187 sed
1430 2146 1532 2187 levis
1559 2145 1666 2186 arbi-

306 2211 490 2253 trabatur
513 2210 709 2266 polliceri,
735 2211 848 2264 quod
871 2217 1080 2265 praestare
1104 2226 1188 2251 non
1211 2215 1365 2265 posset.
1403 2209 1514 2249 idem
1539 2208 1581 2248 in
1605 2208 1665 2248 ni-

306 2273 442 2323 tendo,
468 2273 580 2327 quod
605 2272 732 2314 semel
758 2273 981 2322 annuisset,
1009 2278 1123 2313 tanta
1142 2278 1229 2313 erat
1248 2286 1357 2320 cura,
1384 2276 1531 2311 utnon
1550 2284 1665 2310 1111111-

306 2336 458 2384 datam,
485 2335 560 2376 sed
585 2350 702 2376 suam
722 2350 808 2375 rem
827 2335 1035 2376 videretur
1060 2349 1195 2390 agere.
1234 2347 1461 2386 numquam
1483 2331 1664 2386 suscepti

304 2398 461 2453 negotii
485 2412 580 2438 eum
605 2404 841 2452 pertaesum
867 2403 946 2438 est:
975 2412 1092 2437 suam
1118 2396 1227 2437 enim
1252 2394 1598 2436 existimationem
1622 2393 1664 2433 in

306 2474 354 2501 ea
377 2474 421 2501 re
451 2459 519 2515 agi
550 2459 739 2514 putabat,
772 2474 854 2513 qua
884 2459 984 2499 nihil
1015 2458 1196 2500 habebat
1226 2458 1375 2499 carius.
1413 2471 1494 2510 quo
1525 2454 1663 2504 fiebat,

305 2528 350 2562 ut
375 2522 513 2563 omnia
534 2521 797 2571 Ciceronum,
827 2520 999 2576 [Marci]
1024 2520 1210 2570 Catonis,
1239 2519 1292 2573 Q
1307 2518 1536 2567 Hortensii,
1562 2516 1664 2558 Auli

306 2584 517 2637 Torquati,
539 2584 763 2625 multorum
776 2591 989 2639 praeterea
1002 2583 1187 2637 equitum
1200 2582 1483 2624 Romanorum
1498 2579 1664 2635 negotia

305 2652 553 2699 procuraret.
592 2661 643 2686 ex
668 2661 750 2700 quo
774 2645 946 2686 iudicari
971 2651 1143 2700 poterat,
1169 2660 1253 2686 non
1277 2644 1434 2694 inertia,
1463 2642 1535 2683 sed
1559 2641 1663 2681 iudi-

308 2709 369 2749 cio
396 2710 554 2763 fugisse
581 2709 636 2749 rei
663 2709 852 2762 publicae
878 2708 1218 2763 procurationem.
