1788 3200
248 834 267 863 [ὁ

251 1816 269 1845 ¹0

251 2491 270 2520 <71

295 188 349 228 SO
731 190 971 227 CORNELII
990 189 1204 226 NEPOTIS

293 269 399 324 pylis
420 268 471 308 de
491 281 653 308 summa
671 265 832 320 imperii
850 265 1098 307 dimicasset.
1135 280 1258 319 quem
1279 265 1355 307 etsi
1374 265 1503 306 multa
1523 265 1644 307 stulte

295 329 433 372 conari
451 327 630 377 videbat,
658 334 796 370 tamen
812 327 925 368 nulla
943 327 1123 369 deseruit
1146 328 1189 368 in
1206 342 1263 369 re.
1299 327 1478 382 praefuit
1500 327 1644 382 paucis

292 389 480 439 navibus,
507 403 609 443 quas
635 403 687 429 ex
713 387 837 443 Syria
859 389 997 430 iussus
1023 395 1109 430 erat
1132 389 1175 430 in
1198 388 1347 430 Asiam
1373 389 1535 437 ducere,
1560 388 1646 428 his-

293 465 373 505 que
398 451 597 492 adversus
617 450 874 491 Rhodiorum
899 450 1073 491 classem
1098 450 1141 491 in
1152 450 1401 505 Pamphylio
1426 449 1528 490 mari
1549 464 1645 490 con-

293 512 408 553 flixit.
445 526 528 566 quo
554 526 648 553 cum
672 511 931 552 multitudine
963 511 1291 553 adversariorum
1316 511 1380 552 sui
1405 525 1646 566 superaren-

293 582 369 625 tur,
395 575 497 630 ipse,
524 589 606 628 quo
632 588 759 615 cornu
780 588 868 615 rem
892 573 1034 628 gessit,
1061 573 1140 613 fuit
1165 573 1361 627 superior.

360 636 444 678 IX.
480 635 689 677 Antiocho
719 635 864 690 fugato
890 649 1054 683 verens,
1086 649 1137 675 ne
1162 634 1395 684 dederetur,
1422 634 1533 687 quod
1558 633 1645 674 sine

294 698 420 739 dubio
457 697 692 745 accidisset,
731 696 766 737 si
797 695 861 736 sui
896 695 1064 736 fecisset
1099 701 1363 749 potestatem,
1391 694 1557 736 Cretam
1594 694 1645 735 ad

295 758 519 813 Gortynios
556 757 685 807 venit,
722 763 768 797 ut
797 756 872 805 ibi,
910 771 991 809 quo
1023 771 1066 797 se
1098 756 1318 805 conferret,
1357 756 1644 796 consideraret.

294 820 397 861 vidit
423 825 560 860 autem
585 818 648 859 vir
673 818 857 859 omnium
883 817 1186 867 callidissimus,
1218 832 1369 872 magno
1396 832 1440 858 se
1464 817 1552 857 fore
1576 831 1647 871 pe-

291 882 433 931 riculo,
458 881 539 923 nisi
557 881 657 934 quid
675 880 934 935 providisset,
960 886 1125 934 propter
1144 880 1357 920 avaritiam
1373 878 1646 920 Cretensium.

293 959 488 1000 magnam
519 943 627 984 enim
660 957 801 984 secum
825 942 1042 996 pecuniam
1068 941 1276 996 portabat,
1309 942 1359 982 de
1385 955 1467 994 qua
1491 940 1648 982 sciebat

295 1006 430 1048 exisse
451 1005 618 1046 famam.
655 1005 794 1058 itaque
809 1004 918 1059 capit
936 1004 1016 1045 tale
1037 1004 1265 1045 consilium.
1303 1003 1522 1058 amphoras
1537 1017 1648 1044 com-

293 1068 431 1122 plures
458 1067 635 1121 complet
664 1065 854 1121 plumb03
893 1081 1076 1107 summas
1108 1066 1239 1120 operit
1269 1080 1368 1107 auro
1399 1071 1439 1106 et
1463 1072 1646 1120 argento.

294 1131 368 1171 has
388 1128 673 1184 praesentibus
692 1127 946 1182 principibus
966 1128 1134 1182 deponit
1157 1128 1201 1168 in
1225 1127 1377 1182 templo
1390 1127 1566 1176 Dianae,
1594 1127 1648 1167 si-

292 1192 454 1233 mulans
481 1205 524 1232 se
550 1205 645 1232 suas
671 1190 858 1231 fortunas
877 1189 1040 1231 illorum
1059 1190 1155 1230 fidei
1175 1190 1352 1231 credere.
1392 1188 1456 1230 his
1476 1188 1519 1229 in
1537 1203 1646 1229 erro-

293 1268 380 1294 rem
404 1252 581 1293 inductis
608 1257 763 1292 statuas
789 1265 950 1301 aeneas,
977 1266 1080 1305 quas
1107 1265 1246 1292 secum
1271 1249 1477 1304 portabat,
1504 1264 1646 1291 omnes

295 1330 371 1355 sua
404 1314 580 1368 pecunia
615 1312 794 1367 complet
828 1323 981 1366 easque
1018 1312 1061 1353 in
1095 1312 1311 1366 propatulo
1348 1311 1459 1352 domi
1495 1311 1646 1352 abiicit.

296 1374 487 1430 Gortynii
518 1374 717 1428 templum
747 1389 900 1429 magna
930 1389 1028 1414 cura
1053 1373 1289 1414 custodiunt
1318 1387 1400 1413 non
1425 1379 1509 1413 tam
1534 1387 1558 1413 a
1583 1387 1650 1412 ce-

294 1437 391 1478 teris
417 1451 542 1490 quam
573 1435 624 1477 ab
649 1435 906 1485 Hannibale,
938 1450 990 1476 ne
1014 1435 1082 1476 ille
1106 1434 1375 1476 inscientibus
1400 1433 1464 1475 his
1490 1433 1649 1475 tolleret

294 1513 516 1551 secumque
542 1498 720 1538 duceret.

361 1560 421 1601 X.
461 1559 533 1601 Sic
565 1559 817 1601 conservatis
849 1558 935 1600 suis
965 1558 1090 1600 rebus
1120 1558 1287 1600 Poenus
1318 1557 1449 1599 illusis
1477 1556 1648 1599 Creten-

295 1621 409 1663 sibus
446 1621 638 1663 omnibus
676 1621 729 1661 ad
763 1620 958 1661 Prusiam
993 1620 1037 1661 in
1071 1620 1254 1662 Pontum
1289 1619 1494 1675 pervenit,
1537 1618 1649 1673 apud

294 1698 418 1736 quem
448 1683 594 1724 eodem
625 1683 761 1723 animo
792 1682 871 1723 fuit
900 1697 1000 1737 erga
1023 1682 1204 1731 Italiam,
1235 1696 1369 1735 neque
1395 1681 1508 1722 aliud
1531 1680 1650 1734 quid-

294 1759 419 1797 quam
444 1744 528 1799 egit
552 1758 677 1796 quam
701 1758 842 1799 regem
867 1743 1040 1784 armavit
1065 1750 1105 1784 et
1134 1743 1316 1784 exercuit
1340 1743 1540 1784 adversus
1563 1741 1650 1783 Ro-

296 1819 454 1846 manos.
497 1819 620 1858 quem
652 1819 747 1845 cum
778 1805 935 1845 videret
965 1804 1201 1846 domesticis
1231 1804 1355 1845 rebus
1387 1803 1524 1844 minus
1556 1817 1648 1844 esse

293 1865 522 1915 robustum,
549 1865 794 1907 conciliabat
818 1871 975 1906 ceteros
994 1879 1126 1920 reges,
1153 1865 1405 1920 adiungebat
1429 1864 1647 1905 bellicosas

294 1927 494 1968 nationes.
549 1926 777 1968 dissidebat
817 1926 869 1968 ab
906 1941 955 1967 80
990 1926 1276 1982 Pergamenus
1313 1941 1386 1967 rex
1420 1925 1647 1974 Eumenes,

294 1988 494 2029 Romanis
525 1988 821 2038 amicissimus,
858 1988 1093 2042 bellumque
1124 1988 1229 2029 inter
1259 2002 1329 2029 eos
1359 1987 1580 2043 gerebatur
1610 1994 1650 2027 et

295 2050 398 2090 mari
423 2056 463 2090 et
487 2056 611 2100 terra3
637 2064 719 2103 quo
744 2050 877 2105 magis
903 2049 1094 2104 cupiebat
1119 2064 1213 2090 eum
1227 2049 1440 2090 Hannibal
1460 2048 1647 2103 opprimi.

297 2111 370 2151 sed
393 2110 611 2164 utrobique
636 2111 847 2152 Eumenes
871 2111 964 2165 plus
991 2110 1153 2152 valebat
1177 2117 1345 2165 propter
1367 2110 1649 2151 Romanorum

296 2172 552 2222 societatem3
583 2187 707 2226 quem
738 2173 773 2213 si
797 2172 1055 2221 removisset,
1087 2172 1272 2213 faciliora
1297 2172 1375 2213 sibi
1400 2178 1536 2212 cetera
1559 2170 1648 2211 fore

295 2232 579 2274 arbitrabatur.
617 2234 670 2274 ad
694 2233 804 2274 hunc
828 2233 1154 2274 interficiendum
1179 2233 1303 2274 talem
1327 2233 1416 2273 iniit
1434 2232 1647 2273 rationem.

296 2295 428 2336 classe
452 2295 596 2350 paucis
622 2295 769 2337 diebus
795 2301 911 2336 erant
929 2295 1144 2336 decreturi.
1184 2293 1457 2349 superabatur
1479 2293 1648 2335 navium

294 2356 574 2407 multitudine3
611 2357 706 2398 dolo
737 2363 823 2398 erat
858 2356 1150 2412 pugnandum,
1189 2371 1283 2397 cum
1318 2371 1393 2411 par
1421 2370 1505 2397 non
1540 2363 1651 2397 esset

295 2418 432 2459 armis.
473 2419 691 2474 imperavit
715 2433 839 2472 quam
869 2418 1067 2473 plurimas
1099 2424 1322 2459 venenatas
1354 2423 1565 2473 serpentes
1590 2418 1651 2458 vi-

295 2494 368 2520 vas
394 2479 532 2535 colligi
551 2494 703 2533 easque
728 2480 770 2521 in
788 2495 889 2521 vasa
907 2479 1046 2520 fictilia
1065 2480 1224 2521 coniici.
1262 2479 1407 2520 harum
1433 2493 1526 2520 cum
1552 2478 1651 2519 effe-

296 2541 420 2582 cisset
449 2557 644 2597 magnam
674 2542 990 2591 multitudinem,
1023 2542 1088 2582 die
1113 2542 1216 2596 ipso,
1248 2555 1330 2594 quo
1355 2541 1539 2581 facturus
1565 2547 1650 2580 erat

296 2603 441 2645 navale
461 2605 673 2659 proelium,
690 2605 922 2646 classiarios
943 2611 1142 2646 convocat
1166 2604 1313 2658 hisque
1332 2604 1542 2659 praecipit,
1565 2617 1648 2643 om-

296 2678 367 2705 ncs
387 2671 431 2705 ut
450 2665 492 2706 in
512 2681 635 2707 unam
649 2666 849 2708 Eumenis
875 2666 985 2720 regis
1012 2672 1256 2708 concurrant
1280 2679 1440 2714 navem,
1460 2679 1484 2705 a
1503 2664 1647 2704 ceteris
