1788 3200
255 401 269 429 1

250 771 268 800 [Ο

244 1700 262 1729 5

243 2382 261 2411 02

301 179 354 220 86
743 182 986 219 CORNELII
1004 183 1218 220 NEPOTIS

299 262 478 309 tulisset,
511 273 616 313 quae
648 258 909 312 antiquitate,
942 258 1197 301 humanitate
1234 260 1502 315 doctrinaque
1538 275 1656 316 prac-

300 328 425 364 staret
449 335 605 370 omnes,
631 335 739 361 unus
766 320 803 361 ei
827 320 906 362 fuit
930 321 1182 364 carissimus.

364 382 441 424 IV.
479 382 578 424 Huc
604 397 656 424 ex
668 381 775 424 Asia
796 381 914 424 Sulla
938 383 1142 425 decedens
1169 398 1264 425 cum
1288 385 1484 435 venisset,
1510 399 1651 438 quam-

296 445 368 486 diu
391 444 449 486 ibi
473 444 564 494 fuit,
592 459 734 486 secum
758 444 903 486 habuit
927 444 1219 500 Pomponium,
1246 453 1391 502 captus
1417 446 1654 488 adolescen-

295 507 347 548 tis
368 512 409 548 et
426 506 682 548 humanitate
702 513 742 548 et
768 507 966 548 doctrina.
1004 507 1064 549 sic
1083 509 1194 548 enim
1214 506 1375 550 Graece
1394 508 1652 562 loquebatur,

294 575 341 610 ut
369 567 550 610 Athenis
586 575 709 610 natus
745 568 966 610 videretur.
1022 575 1136 620 tanta
1171 576 1309 611 autem
1346 571 1529 612 suavitas
1566 577 1653 611 erat

296 630 497 673 sermonis
521 630 683 680 Latini,
720 636 766 671 ut
801 636 1034 685 appareret,
1071 631 1114 672 in
1151 645 1200 672 eo
1229 632 1416 673 nativum
1445 633 1652 687 quendam

294 693 478 747 leporem
508 707 620 741 esse,
651 706 735 733 non
765 692 954 733 ascitum.
997 692 1108 733 idem
1137 700 1330 747 poemata
1363 694 1653 748 pronuntiabat

295 761 335 795 et
361 752 522 795 Graece
548 761 588 794 et
611 753 764 794 Latine
790 753 867 803 sic,
899 760 945 794 ut
970 768 1095 809 supra
1119 754 1221 795 nihil
1249 761 1393 810 posset
1417 756 1525 797 addi.
1562 757 1653 810 qui-

293 816 372 857 bus
396 814 521 857 rebus
547 815 704 856 factum
730 821 804 864 est,
836 821 882 856 ut
909 813 1027 857 Sulla
1051 830 1258 870 nusquam
1282 816 1335 858 ab
1362 831 1406 858 se
1431 817 1652 859 dimitteret

294 883 543 932 cuperetque
563 891 705 918 secum
725 877 941 918 deducere.
979 877 1051 931 qui
1070 892 1165 919 cum
1189 879 1439 933 persuadere
1464 885 1650 929 tentaret,

295 939 427 990 „Noli,
454 954 526 981 oro
551 941 631 988 te,“
658 938 791 992 inquit
802 938 1074 994 Pomponius,
1104 940 1352 991 „adversum
1372 955 1442 982 eos
1461 955 1528 983 me
1546 941 1652 983 velle

293 1001 456 1051 ducere,
483 1015 577 1042 cum
602 1000 753 1054 quibus
773 1016 824 1042 ne
850 1007 992 1043 contra
1017 1008 1056 1042 te
1081 1017 1196 1044 arma
1215 1002 1379 1053 ferrem,
1405 1002 1570 1044 Italiam
1589 1018 1652 1044 rc-

292 1063 434 1117 liqui.“
478 1069 520 1104 at
541 1061 658 1104 Sulla
678 1063 952 1105 adolescentis
978 1064 1117 1105 officio
1143 1064 1374 1106 collaudato
1399 1065 1539 1107 omnia
1562 1080 1652 1106 mu-

290 1140 390 1167 nera
414 1125 464 1176 ei,
490 1140 595 1179 quae
608 1125 788 1166 Athenis
809 1132 1035 1181 acceperat,
1061 1127 1328 1182 proficiscens
1348 1127 1468 1169 iussit
1487 1128 1649 1169 deferri.

290 1188 358 1230 hic
377 1188 618 1243 complures>
634 1203 765 1230 annos
790 1195 986 1238 moratus,
1013 1203 1108 1230 cum
1128 1196 1168 1230 et
1191 1189 1250 1230 rei
1274 1189 1467 1231 familiari
1491 1196 1651 1231 tantum

291 1265 441 1305 operae
465 1251 594 1299 daret,
620 1256 819 1304 quantum
845 1266 927 1292 non
950 1251 1171 1306 indiligens
1198 1251 1366 1293 deberet
1389 1259 1506 1307 pater
1529 1252 1651 1293 fami-

290 1312 387 1362 lias,
420 1318 460 1353 et
485 1312 624 1353 omnia
653 1312 812 1365 reliqua
843 1319 1029 1367 tempora
1054 1320 1124 1354 aut
1153 1313 1299 1354 litteris
1325 1321 1396 1355 aut
1420 1313 1651 1355 Athenien-

290 1374 398 1415 sium
432 1374 493 1415 rei
526 1373 717 1429 publicae
748 1373 961 1424 tribueret,
1005 1374 1132 1416 nihilo
1156 1375 1292 1416 minus
1318 1375 1461 1416 amicis
1493 1375 1651 1417 urbana

291 1436 429 1477 officia
453 1436 669 1491 praestitit.
712 1451 811 1477 nam
836 1442 876 1477 et
900 1437 953 1478 ad
978 1437 1145 1478 comitia
1170 1452 1311 1478 eorum
1335 1438 1568 1488 ventitavit,
1596 1446 1648 1487 et,

291 1498 325 1539 si
350 1513 432 1552 qua
461 1512 527 1539 res
559 1497 690 1539 maior
720 1504 812 1539 acta
837 1504 917 1548 est,
949 1513 1033 1539 non
1064 1498 1207 1540 defuit.
1252 1499 1359 1541 sicut
1385 1498 1617 1541 Ciceroni
1607 1515 1649 1540 1n

289 1559 483 1617 omnibus
509 1559 597 1601 eius
623 1560 818 1615 periculis
846 1560 1098 1616 singularem
1122 1561 1247 1602 fidem
1271 1561 1479 1617 praebuit,
1507 1561 1572 1603 cui
1597 1576 1649 1602 ex

287 1622 420 1677 patria
444 1622 620 1678 fumentl
634 1621 728 1664 HS
744 1623 921 1664 ducenta
946 1629 987 1665 et
1011 1623 1312 1679 quinquaginta
1336 1623 1448 1664 milia
1468 1623 1647 1665 donavit.

289 1684 563 1738 tranquillatis
590 1691 728 1725 autem
753 1684 877 1726 rebus
903 1685 1104 1727 Romanis
1129 1686 1369 1741 remigravit
1386 1686 1578 1735 Romam,
1605 1692 1650 1726 ut

289 1746 446 1800 opinor,
472 1747 525 1787 L.
554 1745 680 1787 Cotta
711 1753 750 1787 et
774 1748 827 1787 L.
856 1747 1067 1800 Torquato
1093 1748 1351 1798 consulibus,
1384 1762 1508 1801 quem
1539 1748 1647 1788 diem

290 1809 349 1849 sic
374 1808 568 1849 universa
600 1808 743 1849 civitas
770 1808 1092 1849 Atheniensium
1116 1817 1336 1864 prosecuta
1360 1817 1435 1859 est,
1461 1817 1506 1850 ut
1529 1809 1649 1850 lacri-

288 1871 366 1912 mis
393 1870 587 1911 dcsiderii
613 1870 741 1911 futuri
767 1871 949 1912 dolorem
975 1872 1186 1913 indicaret.

357 1931 409 1974 V.
447 1932 647 1974 Habebat
671 1933 922 1974 avunculum
949 1933 1002 1987 Q.
1025 1933 1267 1983 Caecilium,
1295 1934 1474 1988 equitem
1493 1934 1648 1976 Roma-

288 2010 406 2045 num,
434 1994 679 2036 familiarem
704 1996 757 2036 L.
784 1996 966 2045 Luculli,
994 1996 1177 2046 divitem,
1210 1996 1455 2038 difficillima
1479 2002 1646 2046 natura3

288 2057 405 2098 cuius
444 2057 504 2098 sic
535 2057 799 2112 asperitatem
829 2059 984 2099 veritus
1011 2066 1091 2109 est,
1129 2065 1192 2109 ut,
1225 2073 1350 2113 quem
1381 2074 1503 2100 nemo
1539 2059 1647 2100 ferre

286 2125 446 2174 posset,
472 2119 595 2161 huius
623 2120 710 2161 sine
737 2120 964 2162 offensione
990 2121 1042 2162 ad
1069 2137 1274 2162 summam
1300 2128 1558 2163 senectutem
1581 2136 1646 2162 rc-

288 2181 454 2223 tinuerit
490 2181 830 2224 benevolentiam.
886 2197 968 2236 quo
1000 2183 1110 2225 facto
1135 2184 1228 2225 tulit
1257 2184 1422 2239 pietatis
1448 2183 1644 2225 fructum.

291 2244 500 2286 Caecilius
533 2245 642 2286 enim
675 2246 853 2287 moriens
885 2252 1131 2288 testamento
1163 2246 1376 2301 adoptavit
1406 2260 1501 2287 eum
1532 2245 1649 2286 here-

288 2308 465 2361 demque
489 2306 587 2348 fecit
613 2322 665 2348 ex
690 2308 908 2358 dodrante;
941 2323 992 2349 ex
1018 2323 1099 2362 qua
1130 2308 1357 2350 hereditate
1387 2307 1547 2363 accepit
1571 2307 1647 2348 cir-

289 2369 388 2410 citer
412 2368 566 2410 centies
594 2370 841 2410 sestertium.
881 2376 967 2410 crat
992 2376 1121 2425 nupta
1146 2385 1262 2412 soror
1284 2369 1416 2411 Attici
1436 2369 1488 2423 Q.
1510 2369 1647 2410 Tullio

289 2431 494 2481 Ciceroni,
522 2446 674 2485 easque
701 2432 865 2486 nuptias
891 2431 952 2473 M.
982 2432 1130 2474 Cicero
1156 2432 1411 2482 conciliarat,
1445 2447 1538 2472 cum
1565 2445 1647 2485 quo

287 2509 311 2534 a
337 2493 665 2548 condiscipulatu
695 2493 861 2535 vivebat
892 2494 1245 2544 coniunctissime,
1277 2494 1406 2535 multo
1432 2494 1556 2535 etiam
1585 2492 1647 2533 fa-

287 2555 486 2596 miliarius
523 2571 648 2609 quam
680 2570 774 2597 cum
807 2556 982 2609 Quinto,
1023 2563 1065 2597 ut
1089 2556 1261 2598 iudicari
1293 2556 1442 2611 possit,
1479 2555 1572 2610 plus
1603 2554 1646 2594 in

287 2617 467 2658 amicitia
502 2618 639 2659 valere
677 2618 988 2659 similitudinem
1026 2634 1188 2660 morum
1226 2633 1350 2672 quam
1387 2617 1643 2659 affinitatem.

287 2679 479 2720 utebatur
510 2687 647 2721 autem
679 2680 820 2721 intime
848 2680 901 2732 Q
929 2681 1172 2730 Hortensio,
1205 2681 1276 2734 qui
1300 2680 1363 2721 his
1390 2677 1642 2733 temporibus
1684 2722 1686 2724 ,
