1741 3184
639 211 933 248 PELOPIDAS.
1410 204 1465 245 55

115 291 323 333 Cadmeae
346 287 608 343 occupandae
628 288 776 342 partim
796 289 1042 339 occiderunt,
1067 288 1216 344 partim
1236 288 1277 329 in
1296 288 1464 330 exilium

112 354 329 395 eiecerunt.

179 413 255 456 IV.
294 413 388 454 Hoc
414 418 498 452 tam
523 409 686 451 turbido
712 416 915 464 tempore,
949 411 1054 452 sicut
1086 427 1210 466 supra
1234 412 1462 461 docuimus,
1493 426 1505 454 1

112 475 441 530 Epaminondas,
479 472 617 526 quoad
647 486 741 512 cum
773 471 932 513 civibus
964 472 1202 513 dimicatum
1234 480 1314 523 est,
1353 474 1464 515 domi

111 537 271 590 quietus
296 535 385 575 fuit.
423 535 560 587 itaque
584 533 686 573 hace
711 533 1012 574 liberandarum
1038 533 1275 575 Thebarum
1299 536 1464 589 propria

109 598 199 639 laus
230 603 293 638 est
316 596 561 651 Pelopidae3
600 604 758 636 ceterae
791 595 877 636 fere
903 609 1143 636 communes
1174 610 1267 635 eum
1293 596 1464 649 Epami-

110 659 258 700 nonda.
296 672 474 711 namque
494 656 718 698 Leuctrica
742 671 883 712 pugna
907 656 1153 711 imperatore
1171 656 1463 711 Epaminonda

108 720 174 761 hic
199 720 276 761 fuit
302 720 386 760 dux
411 719 594 760 delectae
620 734 785 768 manus,
812 733 917 772 quae
941 718 1073 772 prima
1097 718 1345 773 phalangem
1371 734 1464 773 pro-

110 782 252 823 stravit
264 783 495 823 Laeonum.
533 780 724 822 omnibus
749 788 960 835 praeterea
983 780 1174 835 periculis
1196 781 1324 821 affuit.
1358 781 1461 822 sicut

111 843 305 898 Spartam
337 859 432 885 cum
463 843 737 898 oppugnavit,
771 842 944 883 alterum
970 842 1098 882 tenuit
1124 857 1267 892 cornu,
1299 857 1462 896 quoque

109 906 307 948 Messena
332 905 504 946 celerius
529 905 824 954 restitueretur,
851 904 1012 960 legatus
1039 904 1081 944 in
1104 903 1256 946 Persas
1283 911 1344 946 est
1369 920 1464 959 pro-

109 969 254 1010 fectus.
292 967 469 1021 denique
488 967 589 1008 haec
609 967 686 1008 fuit
706 966 832 1007 altera
850 981 1027 1020 persona
1042 965 1210 1016 Thebis,
1233 967 1306 1007 sed
1324 973 1462 1007 tamen

109 1031 291 1071 secunda
315 1030 382 1078 ita,
409 1037 454 1070 ut
477 1029 666 1084 proxima
691 1035 801 1069 esset
824 1027 1154 1082 Epaminondae.

175 1092 227 1134 V.
268 1092 539 1134 Conflictatus
571 1097 709 1131 autem
734 1097 797 1131 est
828 1105 922 1131 cum
948 1090 1122 1130 adversa
1153 1089 1328 1130 fortuna.
1365 1105 1461 1130 nam
1491 1106 1505 1134 1

108 1163 148 1196 et
176 1155 310 1204 initio,
348 1154 454 1195 sieut
485 1153 760 1202 ostendimus,
799 1152 894 1193 exul
930 1152 1061 1207 patria
1092 1152 1239 1202 caruit,
1278 1159 1334 1202 et,
1367 1167 1462 1194 cum

109 1216 368 1259 Thessaliam
400 1216 444 1257 in
471 1221 717 1271 potestatem
749 1214 1043 1256 Thebanorum
1075 1221 1241 1269 cuperet
1276 1214 1462 1269 redigere

106 1279 407 1335 legationisque
431 1277 518 1319 iure
544 1277 643 1319 satis
670 1285 823 1318 tectum
850 1292 893 1318 se
913 1276 1188 1326 arbitraretur,
1215 1277 1327 1330 quod
1352 1277 1462 1331 apud

107 1356 251 1382 omnes
283 1348 428 1396 gentes
460 1346 650 1381 sanctum
681 1354 772 1380 esse
804 1345 1063 1388 consuesset,
1101 1354 1126 1379 a
1157 1346 1330 1393 tyranno
1361 1339 1463 1379 Ale-

106 1403 263 1444 xandro
276 1402 464 1443 Pheraeo
491 1401 613 1442 simul
639 1416 732 1442 cum
752 1400 935 1441 Ismenia
959 1400 1281 1454 comprehensus
1307 1400 1348 1440 in
1372 1400 1463 1440 vin-

107 1464 171 1506 cla
201 1465 410 1506 coniectus
449 1471 524 1505 est.
568 1463 678 1505 hunc
707 1463 1021 1518 Epaminondas
1060 1462 1316 1518 recuperavit
1352 1462 1460 1503 bello

106 1542 358 1582 persequens
378 1526 677 1567 Alexandrum.
714 1533 808 1580 post
833 1525 875 1566 id
893 1525 1048 1566 factum
1074 1539 1300 1578 numquam
1324 1524 1461 1565 animo

106 1589 259 1643 placari
284 1588 416 1643 potuit
440 1588 481 1629 in
507 1603 613 1637 eum,
640 1604 664 1628 a
688 1602 770 1641 quo
796 1594 882 1628 erat
906 1587 1093 1628 violatus.
1131 1587 1268 1640 itaque
1293 1601 1462 1641 persua-

108 1651 160 1691 sit
173 1650 396 1699 Thebanis,
424 1657 467 1690 ut
488 1649 672 1691 subsidio
686 1649 927 1690 Thessaliae
946 1648 1301 1703 proficiscerentur
1324 1656 1462 1703 tyran-

106 1727 264 1766 nosque
291 1712 380 1753 eius
406 1711 667 1766 expellerent.
711 1711 829 1752 cuius
854 1710 951 1752 belli
977 1726 1071 1751 cum
1097 1710 1134 1751 ei
1165 1725 1327 1751 summa
1351 1715 1461 1750 esset
1486 1723 1504 1752 3

107 1774 219 1824 data,
252 1788 383 1827 eoque
408 1788 503 1814 cum
529 1773 711 1814 exercitu
741 1772 952 1828 profectus
979 1779 1106 1822 esset,
1139 1787 1221 1813 non
1245 1771 1459 1820 dubitavit,

107 1835 228 1876 simul
253 1849 302 1876 ac
321 1835 536 1890 conspexit
561 1835 734 1884 hostem,
761 1834 994 1890 confligere.
1032 1834 1074 1874 in
1087 1848 1169 1887 quo
1193 1833 1346 1888 proelio
1360 1832 1462 1874 Ale·
1485 1846 1506 1874 4

105 1897 309 1938 xandrum
328 1903 374 1937 ut
398 1896 697 1946 animadvertit,
724 1896 916 1938 incensus
942 1896 1002 1937 ira
1021 1910 1172 1950 equum
1190 1895 1233 1936 in
1253 1910 1347 1936 eum
1366 1910 1462 1936 con-

106 1959 246 2000 citavit
276 1959 502 2014 proculque
534 1959 747 2014 digressus
774 1974 798 2000 a
823 1958 909 2000 suis
941 1957 1128 1999 coniectu
1160 1957 1334 1998 telorum
1365 1972 1462 1998 eon-

105 2021 245 2062 fossus
271 2020 462 2062 concidit.
506 2027 629 2075 atque
654 2020 733 2062 hoe
759 2020 942 2062 secunda
965 2016 1136 2060 victoria
1160 2019 1326 2060 accidit:
1363 2033 1460 2059 nam

105 2083 187 2123 iam
212 2082 429 2124 inclinatae
449 2090 565 2124 erant
595 2090 862 2138 tyrannorum
888 2082 1043 2137 copiae.
1080 2096 1162 2136 quo
1187 2081 1297 2122 facto
1316 2096 1458 2122 omnes
1486 2094 1505 2122 ῡ

107 2144 348 2186 Thessaliae
374 2145 560 2186 civitates
587 2145 849 2186 interfectum
867 2143 1113 2199 Pelopidam
1138 2143 1300 2184 coronis
1325 2142 1460 2184 aureis

106 2213 146 2247 et
171 2206 317 2249 statuis
343 2207 481 2248 aeneis
507 2206 741 2261 liberosque
767 2207 855 2248 eius
881 2205 1009 2247 multo
1034 2220 1134 2261 agro
1160 2205 1374 2246 donarunt.

1488 671 1506 700 10

1488 796 1506 824 0³

1487 1475 1505 1504 [θ

473 2351 622 2393 XVII.
672 2351 1092 2394 AGESILAUS.

174 2452 208 2494 I.
246 2451 471 2507 Agesilaus
485 2452 844 2493 Lacedaemonius
865 2466 958 2492 cum
979 2468 1003 2493 a
1021 2452 1166 2493 ceteris
1193 2450 1458 2506 scriptoribus
1488 2464 1501 2491 1

109 2522 195 2554 tum
227 2513 374 2555 eximie
406 2529 431 2554 a
453 2513 737 2568 Xenophonte
764 2512 976 2554 Socratico
1007 2513 1262 2555 collaudatus
1294 2520 1373 2554 est:
1411 2527 1458 2553 eo

108 2577 217 2617 enim
243 2591 342 2617 usus
374 2582 437 2616 est
461 2575 793 2616 familiarissime.
829 2575 903 2631 'hic
928 2575 1105 2630 primum
1131 2576 1181 2616 de
1212 2590 1338 2630 regno
1365 2589 1458 2614 euni
1483 2588 1502 2616 2

108 2637 384 2692 Leotychide,
421 2637 556 2678 fratris
588 2637 690 2686 filio,
728 2636 872 2678 habuit
909 2637 1221 2678 contentionem.
1271 2651 1359 2677 mos
1397 2643 1460 2676 est

108 2699 216 2740 euim
241 2715 263 2740 a
290 2698 514 2740 maioribus
539 2698 884 2740 Lacedaemoniis
911 2698 1104 2748 traditus,
1136 2704 1180 2738 ut
1205 2698 1308 2739 duos
1335 2696 1460 2738 habe-
