1741 3184
668 200 929 238 CHABRIAS.
1415 190 1469 230 39

121 282 265 322 vitium
291 280 333 321 in
357 277 519 333 magnis
544 276 767 329 liberisque
792 275 1045 325 civitatibus,
1071 281 1116 316 ut
1139 275 1294 316 invidia
1316 274 1472 330 gloriae

121 359 259 386 comes
286 343 356 391 sit,
389 349 427 381 et
451 339 624 380 libenter
647 338 698 378 de
722 338 787 378 his
813 337 1044 387 detrahant,
1076 353 1179 390 quos
1211 338 1389 378 eminere
1413 337 1474 378 vi-

121 407 244 447 deant
274 404 413 451 altius3
445 414 579 453 neque
610 399 747 440 animo
777 413 910 451 aequo
939 413 1141 452 pauperes
1173 399 1349 440 alienam
1373 414 1475 453 opu-

121 468 291 509 lentium
316 465 530 505 intuuntur
554 462 774 502 fortunam.
810 460 947 513 itaque
969 459 1184 510 Chabrias,
1211 475 1292 514 quo
1318 461 1356 501 ci
1378 460 1476 501 lice-

122 530 208 577 bat,
235 526 456 581 plurimum
481 523 632 565 aberat.
670 537 802 576 neque
827 536 924 563 vero
951 521 1063 562 solus
1088 521 1155 562 ille
1181 521 1321 562 aberat
1343 521 1475 562 Athe-

121 591 183 631 nis
208 588 393 637 libenter,
421 586 493 626 sed
512 600 655 626 omnes
680 585 765 625 fere
783 583 990 638 principes
1008 582 1194 624 fecerunt
1217 583 1339 632 idem,
1366 584 1476 636 quod

121 657 279 693 tantum
312 664 356 690 se
386 649 437 690 ab
467 648 622 689 invidia
652 646 852 702 putabant
881 645 1060 695 futuros9
1098 652 1296 698 quantum
1327 660 1352 685 a
1381 659 1477 685 con-

124 719 266 768 spectu
287 726 455 752 suorum
473 717 740 751 recesserant.
776 708 913 761 itaque
935 707 1082 748 Conon
1106 707 1328 761 plurimum
1349 705 1477 760 Cypri

124 774 241 823 vixit,
274 773 502 828 Iphicrates
534 771 577 811 in
607 770 805 819 Thracia,
843 769 1086 810 Timotheus
1117 768 1279 818 Lesbo,
1318 767 1476 810 Chares

126 836 265 891 Sigeo.
304 834 516 875 dissimilis
541 833 708 887 quidem
730 832 887 874 Chares
912 832 1059 873 horum
1084 839 1124 873 et
1147 831 1267 873 factis
1294 837 1333 872 et
1356 831 1479 872 mori-

126 900 220 947 bus,
249 898 321 938 scd
346 903 484 937 tamen
506 894 685 937 Athenis
711 902 750 936 et
775 895 996 936 honoratus
1023 903 1062 935 et
1085 900 1245 948 potens

195 959 272 1000 IV.
312 958 515 999 Chabrias
541 964 677 998 autem
696 957 816 1011 periit
833 956 940 997 bello
967 956 1107 996 sociali
1139 956 1209 995 tali
1240 955 1374 995 modo.
1407 969 1479 1008 op-

125 1020 367 1076 pugnabant
385 1019 664 1059 Athenienses
680 1018 846 1059 Chium.
873 1023 960 1058 erat
972 1017 1013 1057 in
1027 1017 1159 1057 classe
1175 1015 1377 1056 Chabrias
1397 1015 1480 1069 pri-

126 1092 257 1130 vatus,
280 1081 352 1121 sed
371 1094 526 1128 omnes,
548 1080 618 1132 qui
631 1080 673 1118 in
690 1079 933 1134 magistratu
947 1084 1073 1126 erant,
1101 1076 1338 1117 auctoritate
1353 1076 1481 1116 antei-

126 1145 205 1193 bat,
222 1156 398 1194 eumque
412 1141 545 1196 magis
564 1141 727 1189 milites,
748 1155 871 1193 quam
885 1139 956 1193 qui
968 1145 1194 1193 praeerant,
1215 1137 1479 1192 aspiciebant.

125 1219 230 1259 quae
248 1218 314 1243 res
335 1203 371 1244 ei
390 1202 610 1244 maturavit
628 1208 814 1243 mortem.
841 1216 936 1242 nam
951 1201 1049 1241 dum
1062 1201 1219 1255 primus
1241 1200 1378 1240 studet
1389 1213 1482 1253 por-

127 1275 212 1308 tum
230 1268 391 1314 intrare,
412 1263 729 1319 gubernatorem
742 1263 855 1304 iubet
869 1278 917 1304 eo
931 1263 1106 1318 dirigere
1120 1277 1280 1311 navem,
1300 1262 1389 1315 ipsc
1405 1260 1483 1301 sibi

126 1328 321 1384 perniciei
334 1327 423 1367 fuit.
451 1341 546 1366 cum
565 1326 673 1366 enim
689 1340 736 1366 eo
754 1331 1021 1379 penetrasset,
1038 1332 1194 1364 ceterae
1213 1338 1296 1364 non
1311 1329 1405 1363 sunt
1420 1337 1483 1362 sc-

128 1398 258 1431 cutae.
291 1404 371 1443 quo
393 1388 502 1428 facto
522 1387 797 1428 circumfusus
812 1387 992 1428 hostium
1011 1401 1214 1427 eonem-su
1233 1400 1327 1426 eum
1347 1384 1484 1425 fortis-

129 1453 231 1492 sime
249 1455 464 1506 pugnaret,
484 1450 601 1489 navis
620 1455 753 1490 rostro
771 1463 970 1503 percussa
989 1448 1121 1502 coepit
1143 1447 1287 1488 sidere.
1313 1447 1408 1486 hinc
1421 1461 1484 1486 re-

128 1514 273 1569 fugere
298 1527 391 1553 cum
416 1517 571 1565 posset,
599 1510 634 1551 si
654 1525 698 1552 se
722 1510 766 1550 in
789 1525 901 1551 mare
926 1509 1156 1558 deiecisset,
1183 1509 1293 1562 quod
1319 1507 1485 1548 suberat

129 1575 274 1616 classis
293 1573 625 1622 Atheniensium,
651 1587 757 1625 quae
783 1572 989 1626 exciperet
1011 1577 1217 1619 natantes,
1243 1570 1374 1624 perire
1400 1585 1486 1609 ma-

128 1637 203 1677 luit
233 1651 356 1690 quam
381 1635 505 1676 armis
537 1634 706 1675 abiectis
732 1649 881 1675 navem
904 1634 1154 1686 relinquere,
1181 1633 1223 1672 in
1247 1647 1328 1685 qua
1353 1631 1486 1671 fuerat

130 1704 285 1738 vectus.
312 1697 354 1737 id
368 1697 491 1737 ceteri
504 1696 639 1736 facere
658 1695 887 1744 noluerunt,
909 1695 979 1748 qui
992 1695 1127 1735 nando
1140 1694 1328 1734 intutum
1342 1707 1486 1747 perve-

131 1765 290 1800 nerunt.
318 1765 358 1798 at
371 1758 450 1807 ille,
470 1764 680 1812 praestare
699 1757 916 1798 honestam
931 1763 1104 1797 mortem
1124 1755 1363 1796 existimans
1378 1753 1486 1808 turpi

132 1821 255 1871 vitae,
283 1819 512 1861 comminus
536 1833 728 1874 pugnans
755 1819 847 1860 telis
872 1818 1055 1860 hostium
1079 1816 1319 1858 interfectus
1346 1821 1421 1857 est.

503 1965 634 2006 XIII.
684 1962 1117 2006 TIMOTHEUS.

198 2067 232 2108 Ι.
272 2066 530 2116 Timotheus,
559 2065 744 2108 Cononis
764 2065 886 2114 filius,
913 2064 1197 2106 Atheniensis.
1234 2063 1302 2105 hie
1326 2079 1350 2104 a
1372 2068 1488 2118 patre

133 2136 342 2184 acceptam
361 2129 533 2184 gloriam
559 2129 698 2169 multis
718 2128 832 2169 auxit
855 2127 1086 2168 virtutibus.
1124 2127 1203 2167 fuit
1228 2127 1337 2167 enim
1362 2126 1491 2166 diser-

133 2198 211 2242 tus,
238 2193 424 2247 impiger,
451 2191 697 2241 laboriosus,
723 2191 782 2231 rei
807 2190 993 2230 militaris
1012 2189 1168 2244 peritus
1194 2203 1328 2242 neque
1353 2188 1489 2228 minus

134 2254 308 2294 civitatis
333 2254 551 2308 regendae.
586 2253 715 2294 multa
744 2253 867 2292 huius
901 2258 995 2292 sunt
1018 2251 1226 2306 praeclare
1257 2251 1383 2299 facta,
1417 2249 1489 2290 sed

134 2315 235 2355 haee
262 2315 439 2355 maxime
458 2315 643 2355 illustria.
683 2313 906 2368 Olynthios
927 2320 967 2354 et
986 2313 1214 2367 Byzantios
1235 2312 1342 2353 bello
1369 2310 1491 2351 sube-

135 2376 207 2430 git.
237 2374 410 2416 Samum
425 2376 542 2429 cepit,
563 2376 606 2415 in
623 2389 706 2428 qua
725 2375 1003 2429 oppugnanda
1018 2375 1225 2428 superiore
1239 2373 1346 2414 bello
1360 2372 1492 2412 Athe-

136 2436 299 2476 nienses
320 2436 428 2476 mille
448 2443 488 2476 et
507 2437 682 2477 ducenta
701 2437 853 2476 talenta
871 2443 1223 2489 consumpserant.
1256 2435 1297 2474 id
1316 2434 1383 2473 illc
1404 2434 1491 2473 sine

138 2498 219 2538 ulla
231 2497 395 2551 publica
414 2498 600 2552 impensa
617 2497 769 2552 populo
788 2496 975 2537 restituit.
1004 2497 1202 2536 adversus
1220 2495 1371 2536 Cotum
1386 2494 1492 2535 bella

137 2559 268 2613 gessit
298 2558 349 2599 ab
383 2573 512 2612 eoque
543 2559 654 2599 mille
685 2566 724 2599 et
755 2558 930 2598 ducenta
960 2557 1112 2597 talenta
1135 2557 1311 2610 praedae
1343 2555 1385 2595 in
1415 2570 1492 2608 pu-

1507 1211 1525 1240 [ὗ

1515 2263 1532 2291 [ὗ

138 2621 290 2661 blieum
320 2621 467 2661 retulit.
508 2620 709 2675 Cyzicum
741 2619 952 2660 obsidione
982 2618 1181 2659 liberavit.
1218 2616 1491 2657 Ariobarzani
1516 2628 1535 2657 3

140 2682 262 2722 simul
281 2698 374 2723 eum
393 2682 592 2737 Agesilao
612 2681 763 2723 auxilio
782 2680 991 2736 profectus
1012 2686 1093 2728 est3
1119 2695 1143 2720 a
1162 2694 1242 2732 quo
1262 2694 1354 2720 cum
1374 2678 1491 2719 Laco
