1788 3200
263 931 278 959 *1

264 1430 281 1459 [ὑ

270 2739 287 2765 2

305 214 359 255 58
743 212 985 248 CORNELII
1003 211 1190 248 NEPOTI
1194 211 1219 248 S

306 295 628 349 Hellespontum
653 290 794 346 copias
821 289 979 331 traiecit
1010 295 1204 344 tantaque
1229 304 1330 332 usus
1357 296 1419 331 est
1445 289 1663 342 celeritate,

305 367 363 406 ut,
391 356 502 410 quod
527 355 604 395 iter
627 353 796 394 Xerxes
823 368 930 393 anno
955 360 1139 394 vertente
1165 352 1415 401 confecerat,
1441 352 1509 393 hic
1533 360 1666 395 trans-

305 420 394 460 ierit
426 417 593 473 triginta
624 415 784 457 diebus.
828 430 923 456 cum
954 414 1036 456 iam
1067 415 1179 456 haud
1209 415 1266 456 ita
1297 415 1419 470 longe
1452 413 1617 456 abesset
1640 430 1665 456 a

304 481 613 535 Peloponneso,
657 477 859 520 obsistere
902 477 939 518 ei
982 477 1118 518 conati
1162 484 1259 518 sunt
1299 476 1582 518 Athenienses
1626 483 1666 517 et

305 542 452 585 Boeoti
477 542 682 596 ceterique
702 555 844 582 eorum
865 540 966 581 socii
991 540 1102 595 apud
1117 538 1368 581 Coroneam:
1395 554 1499 593 quos
1520 553 1664 580 omnes

306 605 422 662 gravi
453 603 608 660 proelio
633 603 743 644 vicit.
786 602 907 643 huius
933 602 1129 642 victoriae
1153 601 1221 643 vel
1245 602 1426 643 maxima
1456 601 1535 642 fuit
1558 601 1663 651 laus,

306 668 429 722 quod,
456 682 550 709 cum
574 665 760 721 plerique
780 678 833 705 ex
857 664 959 719 fuga
983 678 1027 705 se
1052 664 1095 704 in
1121 663 1320 718 templum
1332 663 1549 705 Minervae
1569 678 1666 705 con-

305 731 510 777 iecissent,
537 733 884 781 quaerereturque
910 725 962 766 ab
988 740 1055 774 ec,
1082 725 1183 778 quid
1206 725 1271 766 his
1296 725 1421 766 vellet
1444 726 1550 775 fieri,
1589 725 1665 766 etsi

306 792 461 845 aliquot
491 790 663 830 vulnera
693 793 908 842 acceperat
939 801 988 828 eo
1018 787 1173 841 proelio
1210 793 1251 827 et
1280 787 1409 828 iratus
1450 787 1667 828 videbatur

306 852 511 901 omnibus,
538 851 609 905 qui
634 850 834 891 adversus
855 864 970 890 arma
994 848 1185 898 tulerant,
1212 854 1351 889 tamen
1376 848 1565 889 antetulit
1583 848 1667 889 irae

306 915 545 971 religionem
571 919 610 954 et
636 927 706 954 eos
731 912 861 953 vetuit
885 911 1042 952 violari.
1080 925 1215 964 neque
1240 925 1338 952 vero
1363 910 1441 952 hoc
1467 910 1600 952 solum
1625 909 1668 950 in

308 977 486 1019 Graecia
509 976 620 1025 fecit,
647 981 692 1016 ut
717 973 870 1029 templa
890 974 1061 1014 deorum
1081 980 1223 1014 sancta
1242 972 1425 1022 haberet,
1452 973 1525 1014 sed
1545 972 1668 1014 etiam

307 1039 417 1095 apud
442 1038 637 1080 barbaros
665 1052 827 1079 summa
858 1036 1055 1091 religione
1081 1036 1219 1077 omnia
1244 1035 1464 1077 simulacra
1494 1049 1669 1088 arasque

311 1101 582 1144 conservavit.
621 1100 759 1153 itaque
786 1098 1062 1154 praedicabat,
1099 1098 1237 1140 mirari
1263 1113 1307 1139 se
1339 1113 1422 1139 non
1449 1097 1670 1152 sacrilego-

308 1180 398 1205 rum
436 1178 606 1205 numero
642 1161 803 1212 haberi,
841 1161 912 1215 qui
949 1160 1204 1215 supplicibus
1237 1175 1379 1201 eorum
1416 1159 1667 1208 nocuissent,

310 1234 381 1268 aut
416 1242 498 1268 non
534 1224 793 1281 gravioribus
824 1223 968 1279 poenis
995 1223 1124 1273 affici,
1162 1223 1233 1277 qui
1262 1223 1504 1278 religionem
1535 1222 1670 1263 minu-

309 1295 435 1339 erent,
461 1304 586 1342 quam
612 1287 682 1341 qui
708 1287 805 1328 fana
830 1286 1065 1341 spoliarent.

378 1351 431 1392 V.
468 1350 572 1391 Post
596 1349 676 1390 hoc
701 1348 904 1403 proelium
929 1347 1123 1388 collatum
1148 1362 1270 1388 omne
1294 1346 1448 1387 bellum
1475 1353 1537 1387 cst
1561 1347 1670 1387 circa

310 1413 554 1456 Corinthum
585 1412 760 1465 ideoque
787 1409 1050 1453 Corinthium
1082 1415 1145 1450 est
1175 1409 1439 1464 appellatum.
1483 1408 1550 1449 hic
1576 1423 1670 1449 cum

309 1493 391 1518 una
420 1491 562 1531 pugna
594 1475 738 1515 decem
775 1473 888 1514 milia
917 1472 1100 1513 hostium
1124 1470 1328 1527 Agesilao
1359 1472 1466 1512 duce
1498 1470 1670 1512 cecidis-

310 1546 414 1589 sent,
442 1553 573 1592 eoque
599 1537 710 1578 facto
736 1551 836 1591 opes
863 1535 1194 1576 adversariorum
1221 1534 1457 1575 debilitatae
1482 1533 1670 1574 videren-

310 1609 393 1651 tur,
427 1608 586 1642 tantum
612 1599 715 1640 afuit
747 1597 798 1639 ab
831 1597 1050 1639 insolentia
1074 1597 1248 1653 gloriae,
1281 1604 1325 1637 ut
1357 1596 1669 1637 commiseratus

311 1665 363 1705 sit
393 1663 603 1705 fortunam
636 1660 857 1710 Graeciae,
896 1660 1009 1714 quod
1045 1666 1130 1700 tam
1167 1659 1286 1700 multi
1316 1674 1340 1700 a
1372 1673 1415 1700 sc
1447 1657 1544 1699 victi
1570 1657 1669 1698 vitio

310 1725 640 1767 adversariorum
671 1723 968 1764 concidissent:
1007 1736 1185 1775 namque
1216 1721 1286 1762 illa
1321 1720 1602 1770 multitudine,
1636 1719 1670 1760 si

312 1804 413 1829 sana
437 1803 553 1828 mens
579 1792 707 1835 esset,
736 1783 937 1827 Graeciae
970 1784 1218 1839 supplicium
1243 1784 1396 1825 Persas
1422 1783 1520 1824 dare
1550 1789 1671 1838 potu-

310 1851 406 1892 isse.
445 1850 555 1890 idem
580 1863 675 1889 cum
701 1847 960 1889 adversarios
986 1847 1092 1887 intra
1123 1846 1286 1887 moenia
1318 1845 1585 1900 compulisset
1616 1850 1668 1893 ct,

312 1920 356 1953 ut
382 1911 630 1954 Corinthum
660 1915 938 1965 oppugnaret,
970 1908 1089 1948 multi
1120 1908 1398 1957 hortarentur,
1430 1906 1598 1962 negavit
1628 1906 1671 1947 id

312 1989 411 2016 suae
441 1973 583 2015 virtuti
614 1972 852 2014 convenire:
891 1986 935 2012 se
967 1971 1076 2012 enim
1108 1985 1203 2011 eum
1234 1984 1326 2011 esse
1357 1969 1478 2019 dixit,
1517 1968 1587 2022 qui
1618 1968 1672 2009 ad

313 2037 497 2078 officium
521 2042 741 2091 peccantes
773 2034 905 2075 redire
931 2039 1116 2089 cogeret,
1149 2048 1231 2074 non
1256 2032 1326 2086 qui
1351 2031 1474 2073 urbes
1501 2030 1672 2073 nobilis-

314 2099 439 2141 simas
462 2105 719 2153 expugnaret
735 2095 949 2139 Graeciae.
979 2095 1111 2147 „Nam
1132 2095 1206 2144 si,“
1227 2095 1372 2149 inquit,
1397 2109 1494 2145 „eos
1516 2093 1671 2134 exstin-

311 2176 438 2217 guere
463 2160 733 2210 voluerimus,
760 2160 831 2213 qui
855 2158 1073 2200 nobiscum
1099 2158 1298 2198 adversus
1325 2156 1522 2198 barbaros
1549 2162 1672 2197 stete-

312 2230 418 2273 runt,
445 2229 607 2264 nosmet
632 2222 712 2277 ipsi
737 2237 812 2263 nos
839 2220 1216 2276 expugnaverimus
1242 2220 1322 2261 illis
1343 2218 1668 2273 quiescentibus;

311 2300 393 2340 quo
419 2285 528 2326 facto
555 2285 642 2325 sine
667 2284 845 2339 negotio,
873 2298 967 2324 cum
993 2283 1207 2332 voluerint,
1234 2297 1309 2323 nos
1336 2282 1608 2337 oppriment.“

381 2347 457 2389 VI.
495 2347 665 2388 Interim
691 2346 838 2388 accidit
863 2346 933 2387 illa
957 2346 1170 2387 calamitas
1196 2345 1307 2400 apud
1331 2345 1515 2386 Leuctra
1539 2343 1673 2384 Lace-

312 2410 553 2452 daemoniis.
603 2425 686 2463 quo
721 2424 773 2451 ne
809 2408 1157 2464 proficisceretur,
1195 2423 1289 2449 cum
1322 2423 1347 2449 a
1375 2406 1584 2462 plerisque
1621 2405 1672 2447 ad

314 2473 548 2515 excundum
573 2479 845 2527 premeretur,
878 2478 923 2512 ut
947 2471 982 2513 si
1007 2471 1057 2512 de
1084 2471 1198 2512 exitu
1223 2470 1438 2520 divinaret,
1466 2469 1576 2510 exire
1601 2483 1674 2510 no·

312 2536 399 2577 luit.
436 2535 559 2584 idem,
586 2550 680 2575 cum
695 2534 1010 2589 Epaminondas
1027 2532 1221 2589 Spartam
1246 2538 1517 2588 oppugnaret,
1545 2538 1671 2572 essct-

312 2613 392 2651 quc
424 2598 511 2639 sine
537 2598 664 2639 muris
692 2597 903 2652 oppidum,
937 2596 1060 2638 talem
1087 2611 1130 2638 se
1156 2596 1444 2650 imperatorem
1470 2593 1670 2649 praebuit,

314 2667 356 2700 ut
383 2675 431 2700 eo
457 2667 640 2714 tempore
666 2658 858 2700 omnibus
885 2659 1133 2714 apparuerit,
1161 2658 1239 2699 nisi
1264 2658 1331 2698 ille
1357 2657 1516 2704 fuisset,
1546 2653 1673 2708 Spar-

315 2728 397 2762 tam
423 2722 603 2762 suturam
636 2737 716 2763 non
743 2722 886 2763 fnisse.
930 2721 971 2761 in
1003 2736 1084 2775 quo
1111 2721 1277 2775 quidem
1303 2718 1536 2760 discrimine
1568 2716 1673 2757 ccle-
