1741 3184
542 178 591 211 M.
611 177 825 214 PORCIUS
847 177 992 213 CATO.
1386 170 1440 210 83

234 326 284 351 EX
309 325 420 350 LIBRO
447 323 626 350 CORNELII
650 323 808 349 NEPOTIS
834 324 883 348 DE
909 324 1057 350 LATINIS
1081 325 1304 352 IIISTORICIS.

345 407 517 450 XXIV.
567 406 628 447 M.
654 405 954 449 PORCIUS
990 407 1186 451 CATO.

158 501 193 542 I.
229 499 290 540 M.
318 498 442 547 Cato,
469 504 582 538 ortus
612 496 834 551 municipio
860 496 1062 546 Tusculo,
1095 498 1438 549 adolescentulus,

92 562 333 616 priusquam
357 558 581 600 honoribus
606 572 773 613 operam
799 558 925 607 daret,
952 565 1139 600 versatus
1166 567 1228 600 est
1253 561 1295 600 in
1322 559 1443 602 Sabi-

1469 514 1482 542 l

91 623 175 672 nis,
213 622 322 676 quod
357 620 415 661 ibi
448 619 661 661 heredium
692 635 715 661 a
745 626 859 674 patre
889 620 1075 661 relictum
1106 620 1298 663 habebat.
1345 622 1441 663 inde
1467 636 1485 664 2

92 684 257 725 hortatu
280 684 333 724 L.
359 682 515 723 Valerii
538 681 697 730 Flacci,
723 696 847 735 quem
878 682 920 722 in
946 682 1162 723 consulatu
1188 698 1442 737 censuraque

92 745 236 786 habuit
261 745 474 800 collegam,
500 750 545 784 ut
562 743 623 784 M.
638 743 848 798 Perperna
872 745 1083 786 censorius
1108 761 1272 787 narrare
1298 746 1442 788 solitus

93 814 173 856 est,
200 807 378 848 Romam
408 805 653 861 demigravit
684 806 725 846 in
750 805 922 859 foroque
954 821 1045 848 esse
1076 808 1222 862 eoepit.
1265 809 1443 862 primum

95 869 343 923 stipendium
368 868 516 908 meruit
541 882 741 908 annorum
766 868 908 909 decem
934 875 1186 923 septemque.
1226 870 1277 923 Q.
1298 870 1442 920 Fabio,

94 931 155 971 M.
183 930 359 972 Claudio
395 929 632 971 consulibus
669 930 857 970 tribunus
895 930 1070 971 militum
1105 932 1148 972 in
1181 930 1324 973 Sicilia
1353 933 1443 973 fuit.

93 993 188 1034 inde
213 999 257 1033 ut
280 992 411 1041 rediit,
438 998 572 1032 castra
597 998 762 1033 secutus
788 992 850 1033 est
874 996 921 1033 P.
950 992 1115 1034 Claudii
1140 993 1334 1043 Neronis,
1360 1010 1446 1034 ma-

94 1055 247 1110 gnique
272 1069 397 1108 opera
421 1053 510 1093 eius
537 1053 770 1094 existimata
800 1060 862 1094 est
886 1054 928 1093 in
958 1055 1113 1108 proelio
1139 1056 1250 1109 apud
1277 1054 1443 1103 Senam,

94 1131 175 1169 quo
201 1115 347 1155 cecidit
360 1113 614 1163 Hasdrubal,
641 1114 767 1155 frater
778 1115 1042 1156 Hannibalis.
1080 1123 1275 1169 quaestor
1299 1117 1447 1172 obtigit

94 1177 142 1218 P.
157 1176 358 1217 Africano
384 1176 554 1225 consuli,
582 1191 675 1216 cum
695 1191 776 1230 quo
796 1192 878 1218 non
902 1192 975 1231 pro
997 1178 1116 1219 sortis
1142 1179 1445 1220 necessitudine

93 1240 214 1280 vixit:
244 1253 423 1292 namque
443 1238 495 1279 ab
521 1253 568 1280 eo
594 1244 792 1292 perpetua
816 1239 1011 1281 dissensit
1035 1240 1130 1281 vita.
1169 1241 1311 1281 aedilis
1335 1241 1447 1295 plebi

93 1303 228 1344 factus
266 1309 328 1343 est
364 1316 458 1342 cum
490 1300 539 1342 C.
566 1300 731 1342 Helvio.
781 1308 945 1355 praetor
980 1302 1234 1356 provinciam
1272 1303 1447 1344 obtinuit

97 1364 348 1412 Sardiniam,
382 1377 433 1403 ex
457 1377 539 1415 qua
564 1369 757 1415 quaestor
782 1363 991 1417 superiore
1017 1370 1199 1418 tempore
1225 1379 1275 1404 cx
1300 1363 1446 1405 Africa

94 1426 298 1466 decedens
331 1424 383 1477 Q.
410 1424 593 1464 Ennium
629 1431 793 1479 poetam
830 1425 1074 1474 deduxerat,
1112 1426 1224 1478 quod
1259 1441 1341 1466 non
1371 1426 1446 1466 mi-

94 1488 205 1528 noris
237 1487 521 1528 existimamus
552 1500 677 1539 quam
708 1486 934 1540 quemlibet
969 1487 1272 1542 amplissimum
1305 1486 1447 1530 Sardi-

95 1550 279 1590 niensem
306 1548 570 1602 triumphum.

162 1611 220 1651 Π.
265 1609 539 1651 Consulatum
575 1611 705 1664 gessit
742 1625 833 1651 cum
860 1611 913 1651 L.
939 1610 1106 1652 Valerio
1130 1612 1300 1661 Flacco,
1339 1618 1446 1653 sorte

94 1672 348 1727 provinciam
372 1678 516 1712 nactus
536 1671 784 1726 Hispaniam
809 1673 1048 1721 citeriorem,
1075 1688 1208 1726 exque
1234 1688 1282 1714 ea
1306 1674 1449 1714 trium-

94 1734 224 1789 phum
255 1733 496 1788 deportavit.
545 1733 603 1774 ibi
638 1748 731 1774 cum
768 1733 921 1774 diutius
959 1742 1202 1783 moraretur,
1228 1734 1278 1775 P.
1307 1733 1447 1789 Scipio

94 1795 333 1843 Africanus,
360 1795 503 1835 consul
529 1794 695 1843 iterum,
723 1794 839 1835 cuius
865 1795 907 1835 in
931 1795 1055 1849 priori
1081 1795 1299 1836 consulatu
1323 1810 1450 1849 quae-

95 1864 180 1898 stor
209 1856 361 1905 fuerat,
393 1855 523 1896 voluit
553 1870 648 1896 eum
673 1856 723 1896 (le
754 1856 967 1910 provincia
991 1857 1195 1911 depellere
1227 1864 1267 1897 et
1295 1857 1385 1912 ipse
1410 1858 1449 1898 ei

95 1918 332 1967 succedere3
369 1931 504 1971 neque
539 1917 618 1958 hoc
654 1932 727 1972 per
764 1924 952 1958 senatum
977 1918 1140 1959 efficere
1171 1919 1316 1973 potuit,
1354 1933 1448 1959 cum

94 1980 260 2034 quidem
277 1978 417 2034 Scipio
442 1979 717 2034 principatum
741 1980 783 2020 in
809 1979 972 2020 civitate
991 1979 1205 2029 obtineret,
1232 1980 1343 2033 quod
1361 1986 1448 2020 tum

94 2057 178 2083 non
206 2041 407 2096 potentia,
441 2041 515 2081 sed
544 2041 630 2082 iure
660 2055 726 2082 res
757 2041 923 2096 publica
948 2041 1323 2082 administrabatur.
1367 2055 1450 2094 qua

96 2118 147 2146 ex
176 2117 220 2144 re
250 2102 378 2143 iratus
412 2108 575 2152 senatu,
608 2103 825 2144 consulatu
857 2103 1023 2158 peracto
1058 2103 1243 2158 privatus
1274 2103 1318 2143 in
1347 2102 1448 2144 urbe

95 2164 258 2205 mansit.
296 2170 337 2205 at
353 2163 471 2214 Cato,
499 2178 644 2205 censor
668 2179 762 2205 cum
788 2165 933 2206 eodem
952 2165 1104 2205 Flacco
1129 2164 1277 2214 factus,
1305 2178 1447 2205 severe

94 2225 273 2280 praefuit
290 2226 327 2266 ei
350 2226 556 2280 potestati.
593 2241 690 2266 nam
710 2232 749 2267 et
773 2226 816 2267 in
835 2226 1066 2281 complures
1087 2225 1245 2267 nobiles
1265 2225 1450 2266 animad-

96 2286 217 2327 vertit
240 2293 280 2327 et
304 2286 454 2327 multas
478 2301 544 2327 res
564 2301 692 2328 novas
716 2288 760 2327 in
784 2288 964 2328 edictum
984 2288 1152 2337 addidit,
1179 2301 1304 2340 quare
1329 2286 1450 2326 luxu-

95 2348 156 2389 ria
179 2347 485 2402 reprimeretur,
517 2362 622 2401 quae
651 2348 734 2389 iam
758 2356 846 2389 tum
870 2349 1093 2403 incipiebat
1115 2348 1329 2404 pullulare.
1358 2347 1449 2388 cir-

96 2410 197 2450 citer
231 2424 360 2450 annos
398 2410 625 2464 octoginta,
662 2424 795 2464 usque
833 2411 886 2451 ad
923 2418 1149 2452 extremam
1187 2416 1365 2452 aetatem
1395 2409 1447 2450 ab

97 2472 385 2522 adolescentia,
411 2472 469 2512 rei
493 2471 682 2527 publicae
707 2487 857 2514 caussa
881 2473 1089 2527 suscipere
1109 2472 1340 2513 inimicitias
1366 2485 1449 2512 non

97 2534 263 2575 destitit.
312 2549 337 2575 a
366 2533 504 2574 multis
541 2540 720 2575 tentatus
752 2548 834 2575 non
869 2534 994 2575 modo
1030 2534 1189 2574 nullum
1228 2533 1449 2574 detrimen-

97 2602 184 2636 tum
210 2595 522 2637 existimationis
548 2595 658 2646 seeit,
688 2596 772 2645 sed,
799 2596 935 2650 quoad
960 2596 1079 2645 vixit,
1106 2596 1304 2636 virtutum
1328 2594 1449 2636 laude

98 2658 235 2698 erevit.

1124 2724 1167 2756 6*

1475 1623 1487 1650 1

1473 1745 1491 1773 ‘2
