1788 3200
298 226 349 267 14
738 227 979 262 CORNELII
999 226 1214 262 NEPOTIS

294 311 351 350 ita
381 321 533 361 magna
564 319 690 345 manu
722 302 924 345 Graeciae
953 302 1123 357 fugatus
1155 308 1236 351 est,
1275 315 1407 354 eoque
1442 301 1532 354 ipse
1568 300 1652 340 dux

252 381 270 409 3
297 369 443 411 cecidit
467 367 633 422 proelio.
672 381 754 419 qua
778 366 944 406 victoria
973 365 1103 405 elatus
1123 364 1301 419 plurima
1325 363 1498 404 miscere
1518 361 1652 416 coepit

248 998 266 1026 [ὓ

293 439 334 472 et
358 430 513 471 maiora
538 428 843 483 concupiscere.
883 427 956 467 sed
987 427 1166 481 primum
1196 426 1239 466 in
1263 440 1311 466 eo
1343 432 1406 466 est
1434 423 1653 478 reprehen-

294 507 377 541 sus,
404 491 534 545 quod,
567 505 662 531 cum
692 504 744 530 ex
768 489 922 543 praeda
953 488 1156 542 tripodem
1182 502 1352 528 aureum
1376 486 1555 541 Delphis
1580 500 1652 539 po-

294 555 462 602 suisset,
495 552 791 607 epigrammate
817 551 987 605 scripto‚
1019 551 1062 590 in
1086 565 1168 603 quo
1194 556 1280 590 erat
1311 550 1413 589 haec
1439 547 1652 596 sententia,

294 630 369 657 suo
394 615 522 655 ductu
553 613 749 654 barbaros
782 613 893 666 apud
917 612 1111 652 Plataeas
1143 625 1236 652 esse
1267 611 1444 660 deletos,
1483 610 1653 663 eiusque

294 677 489 718 victoriae
515 690 613 730 ergo
640 674 826 729 Apollini
857 675 1011 714 donum
1037 674 1215 722 dedisse,
1247 673 1323 714 hos
1349 687 1494 713 versus
1520 673 1654 713 Lacc-

293 738 499 779 daemonii
524 736 838 790 exsculpserunt
862 749 995 788 neque
1021 735 1134 775 aliud
1160 735 1412 788 scripserunt
1431 748 1557 786 quam
1581 748 1655 773 no-

293 800 405 840 mina
429 812 571 838 earum
596 797 822 844 civitatum,
849 810 1024 849 quarum
1049 795 1202 836 auxilio
1222 795 1378 836 Persae
1403 800 1518 835 erant
1541 794 1650 834 victi.

361 860 419 901 II.
462 858 566 900 Post
596 858 639 899 id
668 857 871 912 proelium
903 857 1082 897 eundem
1111 856 1366 897 Pausaniam
1396 870 1492 896 cum
1523 855 1655 896 classe

294 921 502 963 communi
528 920 717 975 Cyprum
754 927 877 973 atque
907 919 1230 973 Hellespontum
1266 919 1486 968 miserunt,
1523 924 1569 958 ut
1605 931 1656 958 ex

294 985 358 1026 his
383 983 623 1038 regionibus
648 982 918 1024 barbarorum
942 982 1149 1036 praesidia
1174 981 1409 1036 depelleret.
1453 980 1542 1035 pari
1566 979 1657 1020 feli-

294 1047 415 1088 citate
444 1046 487 1086 in
518 1059 568 1086 ea
595 1059 640 1086 re
670 1059 770 1086 usus
803 1045 948 1085 elatius
981 1058 1025 1085 se
1055 1058 1198 1099 gerere
1231 1044 1367 1098 coepit
1397 1043 1656 1095 maioresque

292 1115 485 1164 appetere
510 1122 588 1149 res.
626 1123 722 1148 nam
742 1123 837 1148 cum
856 1106 1063 1161 Byzantio
1084 1113 1322 1162 expugnato
1342 1106 1522 1160 cepisset
1547 1119 1657 1146 com-

292 1172 431 1226 plures
450 1170 674 1211 Persarum
698 1169 858 1210 nobiles
884 1176 1007 1222 atque
1032 1169 1074 1208 in
1099 1168 1163 1209 his
1183 1168 1402 1210 nonnullos
1428 1167 1540 1222 regis
1563 1181 1657 1221 pro-

293 1234 484 1287 pinquos,
512 1232 587 1273 hos
614 1232 721 1272 clam
734 1231 871 1272 Xerxi
895 1231 1066 1279 remisit,
1094 1231 1307 1279 simulans,
1335 1245 1387 1271 ex
1410 1229 1556 1270 vinclis
1581 1243 1657 1283 pu-

293 1295 412 1335 blicis
444 1294 662 1349 effugisse‚
696 1300 736 1333 et
767 1308 860 1334 cum
892 1293 956 1334 his
984 1291 1225 1347 Gongylum
1252 1292 1553 1342 Eretfiensem,
1587 1291 1657 1344 qui

293 1357 448 1397 litteras
474 1356 563 1410 regi
587 1355 793 1403 redderet,
826 1355 868 1395 in
893 1355 1044 1408 quibus
1075 1355 1178 1395 haec
1202 1354 1333 1395 fuisse
1365 1354 1518 1408 scripta
1542 1353 1659 1393 Thu-

295 1418 465 1472 cydides
480 1417 702 1458 memoriae
716 1417 912 1471 prodidit:
941 1416 1213 1466 ‚,Pausa11ias‚
1241 1417 1326 1456 dux
1342 1414 1531 1470 Spartae,
1552 1429 1657 1468 quos

295 1480 489 1534 Byzantii
515 1486 691 1533 ceperat,
718 1485 939 1533 postquam
958 1479 1212 1532 propinquos
1234 1484 1326 1519 tuos
1353 1477 1559 1532 cognovit,
1585 1476 1658 1517 tibi

295 1542 455 1582 muneri
474 1542 596 1590 misit,
619 1556 746 1594 seque
766 1547 903 1581 tecum
922 1540 1121 1581 affinitate
1142 1539 1338 1594 coniungi
1357 1540 1482 1594 eupit.
1515 1553 1655 1592 quare,

295 1605 331 1646 si
355 1604 429 1646 tibi
454 1604 632 1653 videtur,
665 1604 738 1644 des
771 1603 808 1644 ei
832 1602 961 1643 filiam
991 1611 1106 1643 tuam
1130 1608 1318 1656 nuptum.
1362 1602 1405 1642 id
1436 1601 1471 1641 si
1494 1600 1656 1649 feceris,

295 1673 336 1708 et
362 1665 556 1721 Spartam
582 1672 622 1707 et
647 1672 826 1706 ceteram
852 1664 1073 1707 Graeciam
1100 1664 1177 1705 sub
1203 1671 1316 1705 tuam
1341 1669 1588 1718 potestatem
1615 1677 1658 1703 se

296 1729 517 1770 adiuvante
548 1735 587 1769 te
612 1728 876 1768 redacturum
905 1728 1134 1782 pollicetur.
1178 1727 1242 1767 his
1269 1727 1320 1767 de
1350 1726 1474 1767 rebus
1501 1726 1536 1766 si
1560 1725 1660 1778 quid

295 1791 383 1846 geri
408 1790 605 1839 volueris,
638 1797 795 1830 certum
820 1790 1029 1830 hominem
1059 1789 1112 1829 ad
1138 1804 1234 1829 cum
1258 1789 1397 1829 mittas
1423 1788 1533 1836 face,
1566 1802 1658 1828 cum

296 1867 378 1906 quo
403 1852 698 1906 colloquatur.“
737 1866 811 1892 rex
835 1857 894 1892 tot
919 1851 1132 1892 hominum
1153 1851 1284 1891 salute
1311 1857 1393 1891 tam
1415 1849 1493 1891 sibi
1518 1864 1660 1890 neces-

297 1915 498 1956 sariorum
529 1928 780 1969 magnopere
811 1913 982 1968 gavisus
1008 1913 1228 1953 confestim
1259 1926 1354 1952 cum
1380 1911 1555 1966 epistola
1578 1910 1660 1951 Ar-

296 1977 491 2019 tabazum
516 1977 568 2018 ad
582 1975 835 2017 Pausaniam
855 1975 990 2024 mittit,
1017 1975 1059 2015 in
1078 1989 1159 2028 qua
1178 1989 1273 2015 eum
1293 1974 1518 2023 collaudat3
1543 1973 1657 2028 petit,

296 2054 348 2080 ne
373 2039 440 2079 cui
463 2038 523 2079 rei
548 2044 689 2092 parcat
713 2037 766 2078 ad
791 2051 839 2078 ea
863 2037 1092 2085 efficienda,
1120 2051 1226 2089 quae
1250 2036 1483 2091 pollicetur:
1511 2035 1545 2075 si
1570 2050 1661 2089 per-

298 2101 454 2149 fecerit,
476 2100 627 2140 nullius
647 2100 705 2140 rei
725 2114 749 2140 a
770 2113 814 2140 se
833 2099 1042 2153 repulsam
1061 2099 1253 2139 laturum.
1291 2098 1413 2138 huius
1427 2097 1659 2138 Pausanias

298 2163 508 2203 voluntate
535 2162 700 2216 cognita
725 2161 897 2201 alacrior
921 2161 973 2200 ad
997 2176 1083 2200 rem
1115 2160 1339 2214 gerendam
1365 2160 1499 2199 factus
1526 2158 1567 2198 in
1593 2173 1661 2198 su-

299 2224 526 2279 spicionem
552 2223 698 2264 cecidit
710 2222 1151 2263 Lacedaemoniorum.
1191 2221 1234 2261 in
1253 2236 1334 2274 quo
1360 2220 1470 2260 facto
1491 2220 1659 2260 domum

297 2292 534 2335 revocatus,
573 2291 791 2326 accusatus
818 2284 982 2338 capitis,
1020 2283 1265 2332 absolvitur,
1303 2282 1499 2322 multatur
1523 2287 1658 2321 tamen

298 2348 493 2403 pecunia3
525 2362 650 2400 quam
675 2346 728 2388 ob
755 2360 947 2387 caussam
973 2346 1025 2386 ad
1051 2345 1228 2386 classem
1252 2345 1451 2384 remissus
1478 2358 1561 2383 non
1585 2348 1658 2383 est.

369 2409 448 2450 llL
491 2409 551 2449 At
582 2409 649 2449 ille
680 2415 775 2463 post
805 2423 887 2449 non
918 2408 1047 2448 multo
1079 2422 1155 2448 sua
1180 2413 1326 2461 sponte
1358 2406 1410 2446 ad
1435 2405 1659 2446 exercitum

299 2471 421 2512 rediit
451 2477 491 2512 et
515 2471 572 2512 ibi
597 2485 679 2511 non
704 2470 870 2518 callida,
899 2470 970 2510 sed
997 2469 1177 2510 dementi
1203 2469 1359 2509 ratione
1386 2468 1565 2522 cogitata
1589 2481 1660 2520 pa-

300 2533 451 2575 tefecit.
488 2548 570 2574 non
602 2533 711 2573 enim
736 2546 871 2573 mores
898 2533 1051 2586 patrios
1078 2532 1225 2580 solum,
1253 2531 1326 2571 sed
1352 2530 1475 2570 etiam
1505 2528 1659 2569 cultum

257 2610 274 2637 2
301 2595 579 2648 vestitumque
605 2594 791 2635 mutavit.
829 2600 1030 2648 apparatu
1054 2593 1168 2648 regio
1194 2592 1395 2640 utebatur,
1428 2596 1542 2631 veste
1566 2588 1659 2629 Mc-

302 2657 412 2706 dica3
439 2657 635 2698 satellites
656 2656 773 2697 Medi
799 2664 840 2697 ct
862 2656 1063 2710 Aegyptii
1089 2655 1384 2707 sequebantur3
1417 2650 1660 2706 epulabatur

305 2733 418 2759 more
454 2718 677 2759 Persarum
713 2718 963 2758 luxuriosius
1002 2732 1143 2770 quam,
1177 2716 1247 2768 qui
1278 2715 1464 2762 aderant,
1502 2712 1658 2767 pcrpcti
