1741 3184
638 213 930 249 MILTIADES.
1439 204 1465 243 5

112 294 247 333 locum
277 291 443 332 videbat
473 290 579 338 suis,
617 295 754 329 tamen
783 289 913 329 fretus
938 303 1108 329 numero
1134 287 1345 342 copiarum
1370 303 1464 328 sua-

111 369 201 394 rum
231 353 448 406 confligere
480 349 689 404 cupiebat,
716 364 847 402 eoque
871 350 1019 404 magis,
1057 349 1186 402 quod,
1222 349 1463 403 priusquam

111 412 432 455 Lacedaemonii
456 411 642 453 subsidio
666 410 871 460 venirent,
897 411 1091 451 dimicare
1116 411 1214 451 utile
1239 410 1464 452 arbitraba„-

111 482 186 516 tur.
234 474 371 527 itaque
406 474 449 514 in
490 473 621 514 aciem
656 472 842 526 peditum
877 477 1059 520 centum,
1103 472 1285 524 equitum
1320 472 1464 512 decem

109 535 221 576 milia
250 535 445 589 produxit
473 534 757 589 proeliumque
782 532 1000 574 commisit.
1047 532 1091 573 in
1121 546 1203 585 quo
1234 538 1345 572 tanto
1370 533 1462 586 plus
1489 549 1507 576 5

109 597 257 637 virtute
288 596 506 637 valuerunt
529 595 822 644 Athenienses,
854 600 901 634 ut
930 592 1222 647 decemplicem
1248 608 1463 633 numerum

108 659 289 699 hostium
312 658 567 712 profligarint
596 657 781 709 adeoque
805 655 1107 710 perterruerint,
1133 661 1179 695 ut
1202 654 1357 695 Persae
1381 670 1463 695 non

109 726 262 768 castra,
300 720 374 761 sed
408 734 536 760 naves
566 719 768 773 petierint.
817 732 899 771 qua
927 732 1068 773 pugna
1098 716 1199 757 nihil
1234 716 1370 757 adhuc
1401 723 1464 757 est

111 780 303 821 nobilius.
351 781 464 821 nulla
494 780 604 821 enim
634 793 831 832 umquam
862 786 945 819 tam
976 778 1126 833 exigua
1156 792 1302 818 manus
1328 783 1462 818 tantas

110 856 209 896 opes
234 841 466 896 prostravit.

179 902 255 944 Vl.
294 902 425 944 Cuius
456 902 651 944 victoriae
679 917 762 944 non
792 901 971 943 alienum
1004 901 1165 941 videtur
1194 900 1314 954 quale
1343 915 1462 954 prae·
1490 914 1502 941 1

112 964 239 1004 mium
269 963 449 1004 Miltiadi
479 964 532 1004 sit
561 964 759 1005 tributum
789 963 954 1010 docere,
986 976 1068 1015 quo
1099 961 1259 1002 facilius
1290 961 1463 1015 intelligi

111 1026 254 1079 possit,
281 1025 453 1065 eandem
478 1025 662 1065 omnium
687 1024 900 1065 civitatum
925 1038 1016 1064 esse
1042 1029 1242 1063 naturam.
1277 1027 1324 1062 ut
1354 1022 1462 1061 enim
1488 1037 1505 1064 2

110 1086 253 1140 populi
282 1086 461 1126 Romani
491 1085 667 1126 honores
704 1085 913 1138 quondam
943 1084 1110 1124 fuerunt
1138 1083 1218 1124 rari
1249 1088 1289 1123 et
1319 1088 1462 1123 tenues

111 1147 163 1187 ob
189 1160 361 1199 eamque
387 1161 578 1187 caussam
602 1146 784 1201 gloriosi,
810 1159 920 1186 nunc
945 1151 1083 1186 autem
1103 1144 1225 1185 effusi
1249 1149 1372 1197 atque
1391 1143 1464 1184 ob-

111 1207 246 1257 soleti,
274 1207 333 1248 sic
357 1207 455 1248 olim
479 1208 590 1262 apud
607 1207 886 1248 Athenienses
911 1206 1042 1247 fuisse
1071 1205 1310 1260 reperimus.
1347 1220 1463 1245 nam-
1488 1220 1505 1248 3

108 1283 189 1322 que
213 1268 308 1309 huic
332 1268 525 1318 Miltiadi,
552 1269 649 1322 quia
666 1267 855 1309 Athenas
882 1274 1091 1321 totamque
1117 1265 1337 1308 Graeciam
1360 1266 1462 1306 libe-

108 1337 238 1380 rarat,
275 1331 368 1372 talis
399 1331 530 1372 honos
556 1331 732 1372 tributus
758 1338 839 1380 est,
878 1331 920 1370 in
950 1330 1127 1384 porticu,
1164 1344 1269 1383 quac
1295 1329 1461 1370 Poecile

110 1398 289 1442 vocatur,
317 1407 410 1433 cum
429 1407 570 1447 pugna
588 1392 879 1447 depingeretur
891 1391 1167 1440 Marathonia,
1192 1397 1237 1431 ut
1256 1391 1298 1431 in
1317 1391 1460 1431 decem

110 1460 343 1507 praetorum
362 1468 532 1494 numero
550 1454 684 1508 prima
701 1454 789 1495 eius
809 1454 947 1508 imago
966 1459 1197 1507 poneretur,
1223 1452 1340 1504 isque
1366 1452 1460 1491 hor-

113 1520 265 1555 taretur
287 1514 436 1555 milites
461 1515 744 1569 proeliumque
770 1515 1052 1555 committeret.
1101 1514 1210 1554 idem
1239 1513 1307 1553 ille
1330 1527 1461 1567 popu·
1486 1526 1505 1554 4

112 1576 194 1625 lus,
226 1582 496 1629 posteaquam
521 1576 654 1616 maius
679 1575 897 1630 imperium
927 1582 990 1616 est
1013 1581 1156 1616 nactus
1182 1581 1222 1615 et
1245 1574 1460 1629 largitione

111 1637 425 1691 magistratuum
460 1643 676 1692 corruptus
713 1643 792 1687 est,
830 1642 1032 1678 trecentas
1065 1642 1220 1677 statuas
1244 1635 1460 1676 Demetrio

111 1698 311 1739 Phalereo
336 1698 528 1739 decrevit.

177 1759 275 1800 VH.
318 1759 422 1801 Post
452 1760 530 1801 hoc
559 1760 760 1815 proelium
791 1760 965 1801 classem
997 1759 1258 1814 septuaginta
1292 1758 1460 1799 navium
1489 1771 1502 1798 1

110 1820 386 1862 Athenienses
424 1822 557 1862 eidem
592 1822 773 1862 Miltiadi
808 1822 1025 1870 dederunt,
1064 1827 1108 1861 ut
1142 1820 1317 1869 insulas,
1355 1834 1461 1873 quae

110 1881 305 1924 barbaros
341 1883 600 1933 adiuverant,
638 1883 745 1925 bello
780 1890 1105 1938 persequeretur.
1172 1897 1254 1936 quo
1288 1882 1460 1936 imperio

108 1943 325 1998 plerasque
356 1945 408 1985 ad
439 1945 622 1986 officium
651 1946 784 1986 redire
815 1946 969 2000 coegit,
1007 1945 1223 1986 nonnullas
1259 1944 1300 1984 vi
1331 1959 1460 1998 expu-

109 2005 262 2059 gnavit.
318 2021 369 2047 ex
399 2006 462 2047 his
492 2007 648 2048 Parum
679 2007 854 2048 insulam
886 2006 1034 2061 opibus
1067 2006 1214 2047 elatam
1245 2020 1338 2045 cum
1370 2020 1460 2045 ora-
1485 2015 1503 2043 2

110 2066 218 2108 tione
253 2068 515 2109 reconciliare
552 2084 634 2110 non
670 2076 831 2123 posset,
870 2069 1010 2122 copias
1041 2083 1063 2108 e
1094 2067 1268 2108 navibus
1305 2067 1457 2115 eduxit,

110 2127 252 2169 urbem
277 2129 470 2184 operibus
496 2131 642 2172 clausit
666 2131 858 2184 omnique
884 2137 1115 2171 commeatu
1139 2128 1333 2183 privavit3
1365 2128 1459 2168 dein

108 2189 238 2231 vineis
270 2205 318 2231 ac
342 2191 619 2233 testudinibus
651 2191 883 2233 constitutis
913 2191 1082 2246 propius
1108 2205 1247 2231 muros
1272 2190 1457 2230 accessit.

108 2264 203 2290 cum
233 2251 315 2291 iam
345 2252 387 2292 in
412 2267 460 2294 eo
485 2260 613 2303 esset,
645 2260 690 2294 ut
714 2253 866 2308 oppido
891 2253 1106 2308 potiretur,
1132 2251 1273 2306 procul
1298 2251 1339 2291 in
1364 2266 1460 2291 con·
1485 2262 1503 2288 3

110 2311 253 2351 tinenti
288 2312 418 2362 lucus,
455 2315 527 2366 qui
563 2329 615 2355 ex
648 2315 784 2355 insula
819 2313 1165 2369 conspiciebatur,
1203 2313 1341 2353 nescio
1378 2326 1459 2364 quo

110 2386 227 2420 casu,
264 2382 463 2414 nocturno
500 2381 683 2429 tempore
713 2376 906 2416 incensus
939 2381 1013 2416 est.
1062 2375 1178 2416 cuius
1216 2374 1381 2415 flamma
1415 2380 1459 2413 ut

110 2432 161 2473 ab
187 2433 402 2487 oppidanis
427 2442 467 2475 et
486 2437 839 2491 oppugnatoribus
865 2443 928 2477 est
952 2437 1054 2485 visa,
1079 2436 1263 2488 utrisque
1288 2435 1458 2475 venitin

110 2494 357 2548 opinionem,
386 2496 552 2550 signum
576 2513 601 2537 a
625 2497 846 2553 classiariis
870 2497 980 2551 regis
1006 2498 1159 2537 datum.
1197 2511 1278 2549 quo
1303 2496 1458 2535 tactum
1483 2506 1501 2533 4

110 2563 189 2605 est,
226 2562 272 2596 ut
302 2563 342 2597 ct
370 2556 483 2598 Parii
514 2573 539 2598 a
569 2559 774 2599 deditione
810 2558 1124 2606 deterrerentur,
1163 2564 1202 2597 ct
1231 2556 1456 2604 Miltiades,

111 2617 256 2659 timens
276 2633 327 2659 ne
347 2619 491 2660 classis
510 2620 624 2675 regia
642 2621 892 2668 adventaret,
918 2619 1096 2660 incensis
1122 2618 1326 2672 operibus,
1353 2632 1458 2670 quac

111 2685 317 2731 statuerat,
339 2696 432 2721 cum
452 2682 619 2723 totidem
638 2682 825 2731 navibus,
847 2688 968 2735 atquc
988 2687 1073 2721 crat
1093 2680 1312 2734 profectus,
1328 2679 1458 2719 Athe-
