1788 3200
317 190 370 230 82
761 188 1002 224 CORNELII
1024 188 1234 223 NEPOTIS

314 286 411 327 rege
435 274 633 325 peterent,
658 280 710 307 ne
735 264 1066 306 inimicissimum
1087 280 1207 306 suum
1228 280 1369 307 secum
1388 266 1557 308 haberet
1575 267 1674 309 sibi-

272 348 290 376 3
316 347 396 386 que
437 330 617 371 dederet.
670 327 734 368 his
772 326 923 368 Prusia
962 341 1115 382 negare
1157 343 1283 369 ausus
1325 343 1408 369 non
1450 334 1530 378 est3
1572 329 1675 369 illud

314 386 539 436 recusavit,
570 399 623 426 ne
647 385 690 425 id
714 399 739 425 a
764 397 808 425 se
837 383 926 424 fieri
949 383 1222 438 postularent,
1249 384 1360 437 quod
1385 385 1583 426 adversus
1608 385 1673 426 ius

314 449 483 505 hospitii
513 453 642 497 esset3
673 445 773 501 ipsi,
801 445 836 486 si
860 451 1047 500 possent,
1081 446 1491 500 comprehenderent3
1522 447 1673 496 locum,

314 512 388 554 ubi
418 517 547 560 esset,
579 509 701 551 facile
725 508 978 549 inventuros.
1022 507 1237 549 Hannibal
1267 509 1376 550 enim
1408 524 1488 550 uno
1513 509 1604 551 loco
1631 523 1675 550 se

315 573 482 615 tenebat
505 572 548 613 in
573 570 754 620 castello,
781 569 893 623 quod
917 569 955 610 ei
979 584 1003 610 a
1020 583 1118 623 rege
1137 570 1280 610 datum
1304 576 1391 611 erat
1415 571 1587 621 muneri,
1613 571 1675 611 id-

315 650 396 689 que
422 635 482 676 sic
506 633 753 681 aedificarat,
779 637 825 671 ut
848 631 891 671 in
910 630 1102 671 omnibus
1126 631 1314 684 partibus
1339 633 1515 674 aedificii
1541 633 1674 673 exitus

270 713 290 740 4
315 697 498 746 haberet,
525 695 681 736 scilicet
704 707 864 742 verens,
891 708 942 733 ne
967 707 1047 733 usu
1071 693 1240 742 veniret,
1267 694 1378 747 quod
1403 695 1562 735 accidit.
1594 694 1676 735 huc

316 774 411 800 cum
440 756 567 812 legati
591 756 875 797 Romanorum
900 753 1112 795 venissent
1143 768 1191 795 ac
1221 754 1481 796 multitudine
1507 756 1675 797 domum

316 820 405 861 eius
431 816 812 865 circumdedissent,
838 830 942 870 puer
960 814 1012 857 ab
1031 815 1155 856 ianua
1178 816 1434 871 prospiciens
1448 816 1676 858 Hannibali

316 881 431 931 dixit,
456 880 597 936 plures
616 884 779 935 praeter
798 877 1140 919 consuetudinem
1159 885 1337 920 armatos
1358 893 1567 934 apparere.
1605 879 1676 932 qui

315 942 533 999 imperavit
563 942 619 992 ei,
651 947 698 982 ut
721 955 864 982 omnes
896 940 1006 981 fores
1041 939 1218 981 aedificii
1248 940 1481 982 circumiret
1505 955 1554 982 ac
1582 955 1678 996 pro-

315 1020 413 1061 pere
439 1004 518 1046 sibi
536 1004 754 1053 nuntiaret,
779 1018 881 1044 num
900 1002 1046 1044 eodem
1064 1002 1187 1044 modo
1206 1003 1389 1056 undique
1408 1002 1677 1044 obsideretur.

273 1083 292 1112 5
317 1082 420 1123 puer
444 1081 539 1108 cum
564 1065 760 1115 celeriter,
787 1065 887 1119 quid
905 1070 1027 1114 esset,
1053 1064 1329 1106 renuntiasset
1347 1079 1574 1118 omnesque
1593 1064 1679 1106 exi-

317 1137 383 1170 tus
415 1133 638 1183 occupatos
670 1127 931 1176 ostendisset,
965 1127 1106 1175 sensit,
1138 1127 1180 1167 id
1204 1142 1288 1168 non
1312 1126 1482 1168 fortuito
1507 1127 1676 1176 factum,

318 1192 392 1234 sed
428 1207 472 1233 se
508 1191 592 1246 peti
635 1205 770 1244 neque
807 1189 886 1231 sibi
922 1189 1074 1231 diutius
1110 1190 1238 1231 vitam
1274 1204 1366 1231 esse
1407 1190 1676 1231 retinendam.

317 1269 444 1308 quam
480 1268 531 1294 ne
568 1253 702 1294 alieno
738 1251 906 1293 arbitrio
943 1252 1183 1301 dimitteret,
1221 1267 1378 1293 memor
1411 1252 1678 1307 pristinarum

317 1316 517 1356 virtutum
536 1329 755 1364 venenum,
782 1314 894 1368 quod
920 1328 1085 1368 semper
1109 1328 1251 1355 secum
1275 1314 1426 1356 habere
1453 1328 1678 1356 consueve-

316 1383 392 1427 rat,
420 1376 608 1431 sumpsit.

276 1453 290 1482 1
386 1439 517 1480 XIII.
559 1437 630 1479 Sic
655 1438 719 1479 vir
742 1437 1013 1487 fortissimus,
1039 1437 1179 1479 multis
1204 1438 1411 1491 variisque
1435 1437 1678 1493 perfunctus

316 1500 542 1551 laboribus,
558 1515 665 1541 anno
684 1500 891 1554 acquievit
910 1500 1230 1556 septuagesimo.
1268 1500 1418 1554 quibus
1440 1500 1678 1542 consulibus

317 1563 527 1612 interierit,
554 1577 638 1604 non
663 1562 868 1603 convenit.
905 1577 1085 1616 namque
1109 1561 1276 1603 Atticus
1296 1562 1358 1603 M.
1375 1561 1551 1604 Claudio
1564 1561 1679 1603 Mar-

319 1625 435 1674 cello,
464 1624 516 1678 Q.
532 1624 664 1666 Fabio
676 1623 876 1665 Labeone
896 1623 1135 1665 consulibus
1155 1632 1364 1665 mortuum
1388 1624 1430 1665 in
1449 1624 1586 1665 annali
1605 1639 1679 1665 suo

320 1687 519 1741 scriptum
543 1686 720 1740 reliquit,
747 1693 789 1727 at
807 1685 1010 1741 Polybius
1030 1687 1084 1727 L.
1099 1685 1280 1728 Aemilio
1294 1686 1454 1736 Paullo,
1478 1686 1556 1728 Cn.
1572 1686 1680 1728 Bae-

319 1749 389 1790 bio
426 1748 665 1803 Tamphilo,
706 1747 917 1802 Sulpicius
949 1756 1087 1789 autem
1124 1749 1265 1789 Blitho
1300 1748 1350 1790 P.
1379 1748 1572 1790 Cornelio
1600 1748 1681 1790 Ce-

275 1824 294 1854 2
320 1810 462 1866 thego,
488 1810 550 1851 M.
577 1809 736 1851 Baebio
762 1810 997 1864 Tamphilo.
1042 1818 1165 1863 atque
1195 1810 1263 1851 hic
1288 1816 1425 1851 tantus
1451 1811 1513 1851 vir
1537 1811 1681 1852 tantis-

319 1887 399 1926 que
418 1872 537 1914 bellis
559 1872 769 1914 districtus
789 1871 972 1913 nonnihil
1000 1872 1195 1926 temporis
1215 1872 1356 1913 tribuit
1375 1872 1532 1913 litteris.
1565 1887 1681 1913 nam-

320 1948 401 1987 que
427 1934 583 1988 aliquot
613 1934 702 1975 eius
739 1933 834 1975 libri
864 1940 972 1983 sunt,
1001 1931 1163 1975 Graeco
1196 1948 1384 1975 sermone
1416 1933 1612 1983 confecti,
1638 1934 1681 1974 in

320 1995 384 2037 his
411 1997 464 2038 ad
488 1997 675 2038 Rhodios
701 1996 752 2038 de
779 1995 857 2038 Cn.
877 1995 1027 2037 Manlii
1040 1995 1237 2037 Volsonis
1263 1996 1305 2036 in
1329 1996 1436 2037 Asia
1460 1996 1584 2038 rebus
1609 2011 1682 2051 ge-

277 2070 297 2099 3
323 2058 410 2100 stis.
460 2059 582 2100 huius
614 2058 711 2100 belli
740 2065 861 2114 gesta
890 2058 1009 2099 multi
1033 2058 1255 2099 memoriae
1284 2058 1569 2113 prodiderunt,
1608 2059 1682 2099 sed

322 2137 374 2163 ex
397 2121 462 2162 his
489 2122 584 2171 duo,
611 2122 682 2175 qui
706 2136 801 2163 cum
826 2136 874 2163 eo
905 2122 947 2162 in
978 2122 1123 2162 castris
1148 2121 1314 2162 fuerunt
1339 2121 1543 2174 simulque
1569 2121 1682 2162 vixe-

321 2190 429 2233 runt,
455 2183 656 2237 quamdiu
679 2183 845 2224 fortuna
862 2198 989 2238 passa
1013 2190 1088 2233 est,
1112 2182 1278 2225 Silenus
1304 2189 1345 2224 et
1365 2182 1527 2224 Sosilus
1546 2183 1683 2224 Lace-

322 2245 578 2287 daemonius.
616 2251 739 2300 atque
764 2245 843 2287 hoc
861 2244 999 2287 Sosilo
1018 2245 1232 2286 Hannibal
1257 2245 1485 2286 litterarum
1501 2242 1682 2287 Graeca-

277 2318 296 2347 4
321 2323 414 2348 rum
444 2322 545 2349 usus
578 2314 641 2349 est
665 2308 844 2350 doctore.

393 2368 481 2411 Sed
505 2385 580 2411 nos
607 2376 770 2425 tempus
797 2376 860 2411 est
883 2369 1006 2411 huius
1032 2369 1125 2411 libri
1150 2370 1287 2411 facere
1312 2369 1436 2410 finem
1463 2376 1503 2410 et
1527 2369 1681 2410 Roma-

323 2446 470 2473 norum
502 2433 707 2487 explicare
737 2433 1025 2487 imperatores,
1064 2447 1147 2487 quo
1172 2432 1335 2474 facilius
1373 2431 1531 2473 collatis
1568 2437 1682 2472 utro-

322 2509 497 2549 rumque
523 2495 663 2546 factis,
690 2495 761 2550 qui
785 2496 862 2538 viri
886 2495 1145 2551 praeferendi
1172 2495 1264 2546 sint,
1290 2495 1423 2550 possit
1447 2494 1630 2535 iudicari.
