1788 3200
255 297 267 325 1

299 201 353 240 54
727 198 970 233 CORNELII
994 197 1213 233 NEPOTIS

365 279 421 320 II.
465 277 525 318 Hi
555 289 697 317 omnes
733 274 819 315 fere
851 272 1039 314 Athenas
1071 287 1115 314 se
1146 272 1418 321 contulerant,
1455 286 1535 312 non
1567 287 1646 325 quo

298 347 564 394 sequerentur
593 337 741 386 otium,
779 335 871 385 sed,
909 343 954 376 ut
978 349 1182 389 quemque
1214 349 1264 376 ex
1294 334 1481 389 proximo
1512 329 1646 374 locum

253 418 270 446 2
298 403 381 443 fors
412 400 645 448 obtulisset,
678 412 727 439 eo
756 397 930 452 patriam
960 411 1201 451 recuperare
1232 396 1466 437 niterentur.
1511 395 1647 448 itaque

251 2017 268 2042 1<-

296 477 390 504 cum
415 469 577 516 tempus
592 467 654 502 est
672 460 808 500 visum
834 459 892 500 rei
916 459 1132 514 gerendae,
1159 458 1430 499 communiter
1450 472 1544 497 cum
1569 457 1647 506 his,

295 524 367 578 qui
391 523 547 564 Thebis
573 522 682 562 idem
715 519 957 569 sentiebant,
984 520 1094 561 diem
1118 519 1359 575 delegerunt
1383 520 1436 560 ad
1460 519 1646 559 inimicos

296 585 585 640 opprimendos
617 583 906 636 civitatemque
936 581 1189 623 liberandam
1221 596 1334 631 eum,
1366 595 1447 635 quo
1479 581 1646 621 maximi

296 647 560 702 magistratus
594 644 714 685 simul
746 650 991 685 consuerant
1017 643 1184 697 epulari.
1227 657 1403 697 magnae
1429 657 1551 697 saepe
1581 657 1646 682 res

295 723 375 748 non
401 708 457 748 ita
481 706 643 760 magnis
669 704 797 759 copiis
824 711 919 745 sunt
937 710 1099 758 gestae3
1126 703 1199 744 sed
1218 704 1402 758 profecto
1422 718 1646 757 numquam

295 776 379 809 tam
404 768 455 809 ab
481 767 594 808 tenui
611 766 727 806 initio
747 772 883 806 tantae
903 779 1002 819 opes
1024 771 1120 805 sunt
1140 765 1395 819 profligatae.
1432 780 1527 805 nam
1547 766 1647 805 duo-

295 830 429 870 decim
454 827 750 870 adolescentuli
775 826 958 867 coierunt
983 841 1034 866 cx
1060 826 1136 874 his,
1163 826 1233 879 qui
1259 825 1380 866 exilio
1405 832 1520 866 erant
1544 826 1648 865 mul-

295 891 384 940 tati,
419 905 514 932 cum
545 889 710 931 omnino
741 903 823 929 non
854 894 992 929 essent
1023 887 1200 942 amplius
1227 894 1409 936 centum,
1441 887 1511 941 qui
1536 894 1648 928 tanto

296 967 339 993 se
352 952 545 994 offerrent
570 950 764 1005 periculo.
802 964 884 1003 qua
907 949 1113 1004 paucitate
1137 963 1336 1004 percussa
1360 955 1421 989 est
1434 949 1649 989 Lacedae-

299 1014 527 1055 moniorum
563 1012 757 1067 potentia.
811 1011 854 1051 hi
891 1011 999 1051 enim
1035 1025 1117 1051 non
1153 1011 1286 1066 magis
1323 1011 1647 1051 adversariorum

294 1075 461 1116 factioni
487 1089 610 1128 quam
627 1072 841 1128 Spartanis
862 1087 910 1113 co
936 1079 1118 1127 tempore
1145 1072 1297 1113 bellurn
1322 1072 1557 1121 intulerunt,
1578 1072 1648 1125 qui

294 1137 498 1191 principes
525 1142 638 1177 crant
663 1135 787 1175 totius
810 1133 1029 1183 Graeciac;
1055 1148 1230 1188 quorum
1254 1134 1415 1188 imperii
1439 1134 1646 1183 maiestas,

297 1212 429 1251 neque
454 1198 510 1238 ita
536 1197 663 1237 multo
689 1203 794 1250 post,
822 1195 1045 1236 Leuctrica
1067 1210 1209 1250 pugna
1233 1195 1285 1236 ab
1316 1195 1394 1236 hoc
1418 1195 1532 1235 initio
1557 1209 1648 1249 per-

296 1260 409 1300 culsa
434 1259 621 1300 concidit.
659 1258 716 1298 illi
740 1258 865 1312 igitur
889 1257 1118 1306 duodecim,
1145 1271 1321 1310 quorum
1346 1257 1429 1297 dux
1455 1264 1541 1297 crat
1568 1257 1648 1297 Pc-

295 1321 471 1375 lopidas,
504 1335 598 1360 cum
623 1319 800 1359 Athenis
832 1318 1009 1359 interdiu
1035 1318 1234 1367 exissent,
1262 1326 1306 1358 ut
1330 1325 1645 1372 vesperascente

295 1381 407 1422 caelo
433 1381 600 1421 Thebas
637 1385 806 1435 possent
842 1379 1073 1434 pervenire,
1112 1394 1205 1420 cum
1243 1379 1412 1420 canibus
1449 1380 1646 1420 venaticis

294 1443 490 1492 exierunt,
516 1443 618 1483 retia
642 1441 832 1490 ferentes,
860 1441 1010 1482 vestitu
1036 1441 1199 1496 agresti,
1226 1456 1307 1494 quo
1333 1441 1488 1482 minore
1514 1441 1649 1495 suspi-

294 1506 409 1546 cione
428 1504 610 1545 facerent
624 1504 710 1544 iter.
748 1503 819 1556 qui
839 1517 933 1543 cum
952 1509 1135 1557 tempore
1154 1502 1263 1557 ipso,
1291 1517 1372 1556 quo
1393 1503 1645 1551 studuerant,

292 1567 588 1622 pervenissent,
615 1567 783 1607 domum
805 1564 1009 1607 Charonis
1035 1565 1300 1615 devenerunt,
1327 1580 1350 1606 a
1375 1579 1456 1619 quo
1482 1573 1520 1606 et
1546 1573 1648 1606 tem-

294 1644 370 1684 pus
397 1635 436 1669 et
461 1629 549 1669 dies
575 1635 661 1669 erat
685 1628 818 1668 datus.

360 1691 440 1732 ΙΙΙ.
477 1691 574 1732 Hoc
604 1690 694 1731 loco
726 1690 825 1731 libet
857 1690 1132 1745 interponere,
1166 1689 1242 1730 etsi
1269 1689 1500 1730 seiunctum
1526 1689 1577 1730 ab
1603 1704 1646 1730 rc

295 1753 503 1808 proposita
528 1760 602 1801 est,
628 1752 755 1792 nimia
779 1751 929 1792 fiducia
948 1757 1125 1805 quantae
1151 1751 1372 1792 calamitati
1392 1751 1521 1793 soleat
1540 1766 1645 1792 esse.

296 1831 388 1856 nam
415 1815 731 1870 magistratuum
746 1814 1040 1854 Thebanorum
1066 1814 1203 1855 statim
1224 1814 1276 1854 ad
1302 1828 1421 1855 aures
1446 1814 1644 1867 pervenit,

295 1877 437 1917 exules
462 1877 503 1917 in
527 1875 673 1917 urbem
699 1876 873 1916 venisse.
918 1875 959 1915 id
983 1875 1041 1915 illi
1067 1875 1161 1915 vino
1188 1875 1401 1930 epulisque
1427 1875 1553 1915 dediti
1577 1889 1647 1915 us-

294 1953 373 1991 que
404 1953 452 1979 eo
484 1938 778 1992 despexerunt,
810 1944 855 1977 ut
884 1951 935 1977 nc
966 1951 1160 1990 quaerere
1191 1937 1359 1990 quidem
1384 1936 1435 1976 dc
1466 1943 1579 1977 tanta
1603 1951 1646 1977 rc

295 2000 529 2041 laborarint.
567 1999 741 2040 accessit
767 1999 901 2048 etiam,
929 1999 1039 2052 quod
1063 1998 1195 2053 magis
1216 1998 1392 2053 aperiret
1417 2013 1557 2039 eorum
1576 1998 1647 2038 de-

297 2062 504 2102 mentiam.
542 2061 665 2102 allata
689 2067 752 2102 est
777 2061 885 2101 enim
910 2060 1082 2114 epistola
1095 2060 1272 2100 Athenis
1299 2059 1349 2101 ab
1369 2059 1554 2100 Archino
1576 2061 1645 2100 uni

296 2138 346 2164 ex
372 2123 448 2171 his,
475 2122 674 2171 Archiae,
707 2122 777 2176 qui
808 2128 894 2162 tuni
926 2122 1151 2162 maximum
1177 2121 1463 2176 magistratum
1489 2121 1645 2162 Thebis

297 2185 520 2234 obtinebat,
552 2185 595 2225 in
620 2199 701 2238 qua
731 2184 869 2225 onmia
894 2184 943 2224 de
969 2184 1222 2238 profectione
1254 2198 1395 2224 eorum
1419 2184 1647 2237 perscripta

295 2254 421 2287 erant.
470 2261 575 2299 quae
612 2260 706 2286 cum
736 2246 817 2286 iam
849 2245 1063 2286 accubanti
1100 2246 1141 2286 in
1173 2245 1360 2286 convivio
1391 2251 1500 2285 esset
1536 2244 1644 2291 data,

295 2308 400 2349 sicut
415 2315 499 2349 erat
515 2307 688 2362 signata,
705 2306 780 2348 sub
794 2307 1008 2361 pulvinum
1023 2307 1257 2355 subiiciens,
1286 2306 1361 2357 „In
1381 2306 1644 2353 erastinum,‘⁶

253 2384 270 2411 2}
296 2370 445 2424 inquit,
474 2369 644 2419 „differo
670 2384 734 2410 res
761 2372 966 2409 severas.“
1006 2375 1047 2410 at
1070 2369 1128 2409 illi
1153 2383 1310 2417 omncs,
1338 2383 1432 2409 cum
1457 2368 1538 2408 iam
1564 2381 1646 2407 nox

295 2431 577 2486 processisset,
603 2430 798 2471 vinolenti
823 2430 874 2471 ab
901 2430 1090 2472 exulibus
1117 2431 1220 2471 duce
1239 2429 1441 2484 Pelopida
1466 2437 1562 2469 sunt.
1585 2429 1646 2469 in-

295 2493 465 2534 terfecti.
502 2493 652 2546 quibus
673 2492 796 2533 rebus
817 2492 1013 2533 confectis
1039 2493 1165 2547 vulgo
1185 2492 1239 2533 ad
1258 2507 1372 2533 arma
1396 2490 1646 2532 libertatem-

295 2570 374 2608 quc
399 2561 544 2595 vocato
569 2570 650 2595 non
677 2554 809 2595 solum
834 2553 904 2607 qui
934 2554 976 2594 in
1000 2554 1100 2595 urbe
1127 2559 1252 2602 erant,
1287 2554 1360 2594 sed
1380 2554 1502 2594 ctiam
1527 2552 1645 2592 undi-

295 2632 373 2669 que
399 2632 450 2657 cx
475 2617 584 2671 agris
610 2622 914 2665 concurrerunt,
940 2616 1192 2671 praesiditim
1217 2615 1642 2656 Lacedaemoniorum

295 2694 345 2718 ex
369 2694 459 2719 arce
486 2679 740 2732 pepulerunt,
767 2678 940 2732 patriam
960 2677 1172 2718 obsidione
1197 2677 1431 2725 liberarunt,
1457 2681 1641 2716 auctores
1693 2730 1695 2732 q
