1741 3184
650 216 906 252 DATAMES.
1397 205 1452 245 43

102 312 277 352 magnus
308 301 418 337 esset
447 306 690 340 concursus,
727 292 805 332 suit
829 307 911 333 non
940 306 1080 341 nemo,
1117 291 1187 344 qui
1212 296 1454 346 agnosceret

102 359 270 413 Thuym
300 357 470 412 regique
501 353 719 394 nuntiaret.
757 354 890 407 primo
921 368 1003 394 non
1039 353 1274 394 accredidit.
1317 353 1454 405 itaque

101 418 417 460 Pharnabazum
452 415 565 456 misit
600 414 870 468 exploratum.
919 430 943 454 a
973 429 1054 467 quo
1091 421 1136 455 ut
1169 430 1256 456 rem
1292 421 1454 469 gestam

101 480 310 535 comperit,
337 478 474 519 statim
500 476 659 517 admitti
683 475 815 524 iussit,
842 490 1091 529 magnopere
1117 476 1341 516 delectatus
1367 481 1454 515 tum

101 542 221 590 sacto,
249 547 335 580 tum
360 546 505 580 ornatu
514 555 524 587 3
550 538 592 577 in
616 537 771 591 primis,
798 537 909 590 quod
932 536 1081 577 nobilis
1106 551 1179 577 rex
1209 537 1251 577 in
1274 542 1456 591 potesta-

99 610 182 643 tem
206 600 434 656 inopinanti
458 606 636 640 venerat.
678 598 817 651 itaque
847 597 1066 652 magnifice
1090 597 1300 638 Datamen
1326 598 1453 637 dona-

99 671 186 704 tum
211 664 264 704 ad
282 662 507 703 exercitum
525 661 648 709 misit,
674 660 745 713 qui
764 666 852 700 tum
871 659 1188 701 contrahebatur
1207 660 1310 700 duce
1324 658 1456 699 Phar-

99 725 258 766 nabazo
284 732 324 765 et
350 724 587 764 Tithrauste
613 722 664 762 ad
690 721 843 762 bellum
868 721 1138 776 Aegyptium,
1165 721 1335 775 parique
1361 735 1456 761 eum

101 794 222 840 atque
247 786 337 827 illos
363 785 533 840 imperio
560 798 651 825 esse
676 783 807 824 iussit.
844 790 989 837 postea
1013 798 1109 824 vero
1135 797 1259 836 quam
1272 782 1457 823 Pharna-

100 848 252 888 bazum
275 862 349 888 rex
373 846 594 894 revocavit,
620 845 679 885 illi
705 860 867 885 summa
890 844 1051 898 imperii
1076 845 1224 885 tradita
1249 850 1355 885 sunt.

167 908 244 950 IV.
300 909 383 949 Hic
421 924 513 948 cum
550 907 731 947 maximo
768 906 903 947 studio
940 913 1195 961 compararet
1231 906 1455 946 exercitum

102 971 425 1026 Aegyptumque
445 969 648 1023 proficisci
666 975 840 1022 pararet,
868 967 1004 1008 subito
1024 984 1048 1008 a
1066 983 1163 1022 rege
1183 968 1339 1008 litterae
1361 974 1456 1008 sunt

102 1033 136 1073 ei
164 1033 327 1081 missae,
355 1040 399 1071 ut
411 1031 563 1085 Aspim
588 1030 893 1084 aggrederetur,
920 1029 991 1082 qui
1007 1028 1250 1070 Cataoniam
1271 1029 1454 1069 tenebat:

101 1109 206 1146 quae
241 1108 343 1148 gens
380 1093 487 1133 iacet
529 1107 654 1146 supra
691 1091 900 1140 Ciliciam,
944 1091 1116 1132 confinis
1150 1090 1452 1146 Cappadociae.

99 1169 276 1208 namque
300 1154 430 1209 Aspis
463 1153 688 1194 saltuosam
718 1153 930 1208 regionem
961 1152 1222 1206 castellisque
1253 1153 1453 1193 munitam

99 1216 280 1257 incolens
306 1231 388 1257 non
413 1215 546 1256 solum
576 1215 748 1269 imperio
772 1215 883 1270 regis
907 1229 989 1255 non
1014 1215 1203 1268 parebat,
1233 1215 1306 1255 sed
1331 1215 1453 1255 etiam

101 1278 294 1319 finitimas
321 1278 510 1333 regiones
531 1277 708 1318 vexabat
733 1284 784 1326 et,
813 1291 918 1330 quae
938 1277 1026 1331 regi
1050 1283 1321 1331 portarentur,
1348 1276 1456 1317 abri—

101 1341 250 1395 piebat.
294 1340 514 1389 Datames,
547 1340 624 1380 etsi
654 1339 776 1394 longe
802 1340 943 1380 aberat
972 1339 1024 1380 ab
1055 1339 1120 1379 his
1150 1339 1387 1394 regionibus
1416 1345 1454 1379 et

100 1418 124 1443 a
149 1402 300 1443 maiore
332 1417 375 1442 re
405 1401 737 1450 abstrahebatur,
770 1410 908 1441 tamen
932 1400 1042 1455 regis
1068 1400 1267 1441 voluntati
1298 1415 1454 1440 morem

100 1464 326 1518 gerendum
350 1463 522 1518 putavit.
565 1463 703 1516 itaque
735 1477 829 1503 cum
852 1463 1015 1517 paucis,
1042 1462 1116 1503 sed
1140 1462 1237 1502 viris
1263 1461 1451 1511 fortibus,

100 1540 248 1567 navem
273 1525 529 1574 conscendit,
573 1525 833 1574 existimans,
871 1525 982 1578 quod
1012 1524 1178 1573 accidit,
1215 1524 1377 1565 facilius
1410 1538 1453 1564 se

100 1588 402 1642 imprudentem
438 1602 566 1642 parva
601 1602 727 1627 manu
770 1601 1062 1641 oppressurum
1105 1600 1228 1639 quam
1264 1592 1453 1640 paratum

99 1649 287 1702 quamvis
313 1664 464 1704 magno
489 1649 683 1689 exercitu.
720 1648 797 1689 hac
823 1648 982 1689 delatus
1008 1648 1048 1688 in
1076 1647 1282 1697 Ciliciam,
1315 1662 1453 1702 egres-

100 1726 169 1751 sus
195 1711 302 1760 inde,
330 1711 418 1751 dies
444 1717 667 1764 noctesque
692 1710 768 1750 iter
794 1710 963 1759 faciens,
993 1710 1176 1750 Taurum
1202 1709 1359 1750 transiit
1386 1724 1454 1750 eo-

99 1787 190 1825 que,
217 1788 298 1825 quo
325 1773 548 1821 studuerat,
575 1773 703 1821 venit3
729 1772 899 1825 quaerit,
926 1772 1076 1825 quibus
1101 1771 1201 1812 locis
1228 1771 1280 1812 sit
1303 1770 1432 1824 Aspis
1442 1787 1452 1820 3

99 1835 322 1888 cognoscit,
349 1834 459 1874 haud
484 1834 606 1888 longe
627 1834 773 1874 abesse
792 1833 1106 1888 profectumque
1126 1848 1220 1874 eum
1246 1839 1450 1873 venatum.

98 1909 202 1947 quae
234 1896 333 1936 dum
364 1896 617 1950 speculatur,
651 1896 852 1936 adventus
885 1896 972 1936 eius
1004 1909 1152 1936 caussa
1177 1894 1449 1949 cognoscitur.

96 1956 261 1998 Pisidas
298 1973 391 1999 cum
426 1959 495 2007 iis,
534 1973 638 2011 quos
676 1973 817 1998 secum
852 1957 1049 2006 habebat,
1089 1957 1141 1998 ad
1176 1957 1450 1997 resistendum

96 2019 227 2074 Aspis
265 2028 486 2075 comparat.
535 2021 577 2060 id
607 2020 810 2060 Datames
841 2019 913 2060 ubi
949 2019 1124 2068 audivit,
1162 2033 1277 2059 arma
1313 2018 1448 2067 sumit,

98 2097 194 2123 suos
221 2082 338 2136 sequi
367 2082 497 2131 iubet,
529 2083 619 2137 ipse
644 2097 749 2135 equo
775 2081 978 2123 concitato
1008 2081 1061 2121 ad
1085 2081 1246 2121 hostem
1277 2079 1449 2120 vehitur.

97 2159 219 2197 quem
250 2145 393 2199 procul
417 2144 547 2199 Aspis
579 2144 837 2199 conspiciens
869 2144 923 2185 ad
953 2158 996 2184 se
1029 2143 1227 2183 ferentem
1257 2142 1451 2196 pertime-

99 2207 173 2246 scit
194 2213 315 2259 atque
335 2223 359 2247 a
378 2216 527 2247 conatu
544 2206 763 2247 resistendi
781 2206 998 2247 deterritus
1026 2219 1116 2246 sese
1142 2204 1309 2244 dedidit.
1341 2203 1450 2243 hunc

97 2267 299 2309 Datames
324 2269 506 2309 vinctum
532 2269 585 2310 ad
608 2284 751 2323 regem
775 2269 1010 2309 ducendum
1035 2267 1158 2308 tradit
1181 2266 1426 2307 Mithridati.

163 2328 216 2370 V.
263 2330 383 2370 Haec
419 2331 517 2370 dum
558 2338 774 2385 geruntur,
812 2330 1067 2371 Artaxerxes
1104 2329 1388 2376 reminiscens,
1427 2342 1450 2367 a

97 2397 249 2443 quanto
274 2391 382 2432 bello
407 2392 460 2432 ad
485 2407 607 2444 quam
633 2407 804 2445 parvam
827 2407 914 2433 rem
944 2392 1172 2446 principem
1198 2391 1349 2430 ducum
1374 2389 1450 2429 1111-

97 2453 230 2502 sisset,
258 2467 301 2493 se
326 2453 414 2507 ipse
439 2453 700 2507 reprehendit
725 2460 765 2493 et
788 2453 977 2493 nuntium
1002 2453 1054 2493 ad
1079 2452 1303 2493 exercitum
1329 2450 1449 2491 Acen

95 2514 218 2564 misit,
244 2515 355 2567 quod
380 2515 562 2555 nondum
586 2514 797 2555 Datamen
822 2514 1052 2568 profe-ctum
1078 2513 1268 2567 putabat,
1295 2512 1364 2566 qui
1389 2512 1449 2552 di-

95 2582 222 2624 ceret,
254 2591 305 2617 ne
330 2575 382 2617 ab
408 2577 589 2616 exercitu
615 2576 856 2632 discederet.
899 2576 966 2616 hic
996 2576 1237 2629 priusquam
1260 2573 1448 2628 perveni-

94 2644 172 2686 ret,
211 2651 292 2690 quo
323 2644 410 2678 erat
438 2638 667 2692 profectuS‚
705 2638 747 2678 in
783 2637 923 2678 itinere
957 2636 1166 2685 convenit,
1203 2635 1274 2689 qui
1300 2634 1447 2689 Aspim

1481 1163 1498 1191 [ὑ

1481 1347 1499 1373 3

94 2699 309 2741 ducebant.
347 2714 429 2753 qua
454 2700 657 2740 celeritate
685 2714 776 2740 cum
804 2714 997 2754 magnam
1029 2697 1357 2740 benevolentiam
1384 2711 1446 2737 rc·
1474 2710 1491 2738 2
