<?xml version="1.0" encoding="UTF-8"?>
<!DOCTYPE html PUBLIC "-//W3C//DTD XHTML 1.0 Transitional//EN"
    "http://www.w3.org/TR/xhtml1/DTD/xhtml1-transitional.dtd">
<html xmlns="http://www.w3.org/1999/xhtml" xml:lang="en" lang="en">
 <head>
  <title>
</title>
<meta http-equiv="Content-Type" content="text/html;charset=utf-8" />
  <meta name='ocr-system' content='tesseract 3.04.00' />
  <meta name='ocr-capabilities' content='ocr_page ocr_carea ocr_par ocr_line ocrx_word'/>
</head>
<body>
  <div class='ocr_page' id='page_1' title='image "./vitaeetfragmenta00nepouoft_0053.png"; bbox 0 0 1741 3184; ppageno 0'>
   <div class='ocr_carea' id='block_1_1' title="bbox 706 191 1441 237">
    <p class='ocr_par' dir='ltr' id='par_1_1' title="bbox 706 191 1441 237">
     <span class='ocr_line' id='line_1_1' title="bbox 706 191 1441 237; baseline -0.01 0"><span class='ocrx_word' id='word_1_1' title='bbox 706 202 843 237; x_wconf 86' lang='lat' dir='ltr'>DION.</span> <span class='ocrx_word' id='word_1_2' title='bbox 1391 191 1441 231; x_wconf 83' lang='lat'>31</span> 
     </span>
    </p>
   </div>
   <div class='ocr_carea' id='block_1_2' title="bbox 93 275 1493 1727">
    <p class='ocr_par' dir='ltr' id='par_1_2' title="bbox 95 275 1488 565">
     <span class='ocr_line' id='line_1_2' title="bbox 98 275 1488 330; baseline -0.004 -10"><span class='ocrx_word' id='word_1_3' title='bbox 98 281 325 321; x_wconf 81' lang='lat' dir='ltr'>monim-um</span> <span class='ocrx_word' id='word_1_4' title='bbox 351 279 482 319; x_wconf 87' lang='lat' dir='ltr'>fuerat</span> <span class='ocrx_word' id='word_1_5' title='bbox 507 277 696 330; x_wconf 89' lang='lat' dir='ltr'>imperio,</span> <span class='ocrx_word' id='word_1_6' title='bbox 728 276 898 316; x_wconf 87' lang='lat' dir='ltr'>liberata</span> <span class='ocrx_word' id='word_1_7' title='bbox 929 282 1002 316; x_wconf 86' lang='lat' dir='ltr'>cst.</span> <span class='ocrx_word' id='word_1_8' title='bbox 1042 275 1188 316; x_wconf 81' lang='lat' dir='ltr'>Conon</span> <span class='ocrx_word' id='word_1_9' title='bbox 1213 289 1306 315; x_wconf 89' lang='lat' dir='ltr'>cum</span> <span class='ocrx_word' id='word_1_10' title='bbox 1329 279 1444 329; x_wconf 88' lang='lat' dir='ltr'>parte</span> <span class='ocrx_word' id='word_1_11' title='bbox 1470 286 1488 315; x_wconf 77' lang='grc' dir='ltr'>ῦ</span> 
     </span>
     <span class='ocr_line' id='line_1_3' title="bbox 97 337 1446 394; baseline -0.004 -12"><span class='ocrx_word' id='word_1_12' title='bbox 97 342 263 382; x_wconf 86' lang='lat' dir='ltr'>navium</span> <span class='ocrx_word' id='word_1_13' title='bbox 282 341 324 381; x_wconf 90' lang='lat' dir='ltr'>in</span> <span class='ocrx_word' id='word_1_14' title='bbox 342 340 515 394; x_wconf 89' lang='lat' dir='ltr'>patriam</span> <span class='ocrx_word' id='word_1_15' title='bbox 535 337 658 385; x_wconf 86' lang='lat' dir='ltr'>venit,</span> <span class='ocrx_word' id='word_1_16' title='bbox 678 352 816 377; x_wconf 90' lang='lat' dir='ltr'>muros</span> <span class='ocrx_word' id='word_1_17' title='bbox 837 337 992 378; x_wconf 87' lang='lat' dir='ltr'>dirutos</span> <span class='ocrx_word' id='word_1_18' title='bbox 1013 352 1037 377; x_wconf 87' lang='lat' dir='ltr'>a</span> <span class='ocrx_word' id='word_1_19' title='bbox 1054 337 1287 390; x_wconf 81' lang='lat' dir='ltr'>Lysandro,</span> <span class='ocrx_word' id='word_1_20' title='bbox 1313 342 1446 377; x_wconf 88' lang='lat' dir='ltr'>utros-</span> 
     </span>
     <span class='ocr_line' id='line_1_4' title="bbox 96 397 1446 455; baseline -0.004 -12"><span class='ocrx_word' id='word_1_21' title='bbox 96 417 176 455; x_wconf 89' lang='lat' dir='ltr'>que</span> <span class='ocrx_word' id='word_1_22' title='bbox 206 408 246 443; x_wconf 91' lang='lat' dir='ltr'>et</span> <span class='ocrx_word' id='word_1_23' title='bbox 268 400 405 442; x_wconf 80' lang='lat' dir='ltr'>Piraei</span> <span class='ocrx_word' id='word_1_24' title='bbox 435 406 475 439; x_wconf 91' lang='lat' dir='ltr'>et</span> <span class='ocrx_word' id='word_1_25' title='bbox 503 398 782 445; x_wconf 75' lang='lat' dir='ltr'>Athenarum,</span> <span class='ocrx_word' id='word_1_26' title='bbox 814 398 1055 438; x_wconf 87' lang='lat' dir='ltr'>reficiendos</span> <span class='ocrx_word' id='word_1_27' title='bbox 1086 404 1200 438; x_wconf 88' lang='lat' dir='ltr'>curat</span> <span class='ocrx_word' id='word_1_28' title='bbox 1228 397 1446 452; x_wconf 82' lang='lat' dir='ltr'>pecuniae-</span> 
     </span>
     <span class='ocr_line' id='line_1_5' title="bbox 96 458 1444 517; baseline -0.004 -13"><span class='ocrx_word' id='word_1_29' title='bbox 96 478 175 517; x_wconf 90' lang='lat' dir='ltr'>que</span> <span class='ocrx_word' id='word_1_30' title='bbox 205 461 502 516; x_wconf 74' lang='lat' dir='ltr'>quinquaginta</span> <span class='ocrx_word' id='word_1_31' title='bbox 534 460 702 509; x_wconf 87' lang='lat' dir='ltr'>talenta,</span> <span class='ocrx_word' id='word_1_32' title='bbox 735 473 840 512; x_wconf 90' lang='lat' dir='ltr'>quae</span> <span class='ocrx_word' id='word_1_33' title='bbox 871 474 895 499; x_wconf 91' lang='lat' dir='ltr'>a</span> <span class='ocrx_word' id='word_1_34' title='bbox 917 458 1190 499; x_wconf 82' lang='lat' dir='ltr'>Pharnabazo</span> <span class='ocrx_word' id='word_1_35' title='bbox 1220 465 1444 513; x_wconf 84' lang='lat' dir='ltr'>acceperat,</span> 
     </span>
     <span class='ocr_line' id='line_1_6' title="bbox 95 523 527 565; baseline -0.007 -1"><span class='ocrx_word' id='word_1_36' title='bbox 95 524 253 565; x_wconf 89' lang='lat' dir='ltr'>civibus</span> <span class='ocrx_word' id='word_1_37' title='bbox 279 523 364 563; x_wconf 88' lang='lat' dir='ltr'>suis</span> <span class='ocrx_word' id='word_1_38' title='bbox 390 523 527 562; x_wconf 84' lang='lat' dir='ltr'>donat.</span> 
     </span>
    </p>

    <p class='ocr_par' dir='ltr' id='par_1_3' title="bbox 93 580 1493 1727">
     <span class='ocr_line' id='line_1_7' title="bbox 161 580 1485 635; baseline -0.003 -10"><span class='ocrx_word' id='word_1_39' title='bbox 161 583 214 625; x_wconf 90' lang='lat' dir='ltr'>V.</span> <span class='ocrx_word' id='word_1_40' title='bbox 250 582 416 624; x_wconf 86' lang='lat' dir='ltr'>Accidit</span> <span class='ocrx_word' id='word_1_41' title='bbox 440 583 552 632; x_wconf 88' lang='lat' dir='ltr'>huic,</span> <span class='ocrx_word' id='word_1_42' title='bbox 586 582 696 635; x_wconf 88' lang='lat' dir='ltr'>quod</span> <span class='ocrx_word' id='word_1_43' title='bbox 727 582 871 622; x_wconf 88' lang='lat' dir='ltr'>ceteris</span> <span class='ocrx_word' id='word_1_44' title='bbox 903 580 1162 629; x_wconf 78' lang='lat' dir='ltr'>mortalibus,</span> <span class='ocrx_word' id='word_1_45' title='bbox 1194 586 1240 621; x_wconf 87' lang='lat' dir='ltr'>ut</span> <span class='ocrx_word' id='word_1_46' title='bbox 1269 581 1446 621; x_wconf 87' lang='lat' dir='ltr'>inconsi-</span> <span class='ocrx_word' id='word_1_47' title='bbox 1475 594 1485 621; x_wconf 82' lang='grc' dir='ltr'>ι</span> 
     </span>
     <span class='ocr_line' id='line_1_8' title="bbox 94 643 1447 696; baseline -0.004 -10"><span class='ocrx_word' id='word_1_48' title='bbox 94 645 271 686; x_wconf 87' lang='lat' dir='ltr'>deratior</span> <span class='ocrx_word' id='word_1_49' title='bbox 294 645 336 685; x_wconf 94' lang='lat' dir='ltr'>in</span> <span class='ocrx_word' id='word_1_50' title='bbox 367 644 548 685; x_wconf 86' lang='lat' dir='ltr'>secunda</span> <span class='ocrx_word' id='word_1_51' title='bbox 577 658 701 696; x_wconf 90' lang='lat' dir='ltr'>quam</span> <span class='ocrx_word' id='word_1_52' title='bbox 730 643 772 684; x_wconf 92' lang='lat' dir='ltr'>in</span> <span class='ocrx_word' id='word_1_53' title='bbox 797 643 971 684; x_wconf 89' lang='lat' dir='ltr'>adversa</span> <span class='ocrx_word' id='word_1_54' title='bbox 1001 649 1111 683; x_wconf 85' lang='lat' dir='ltr'>esset</span> <span class='ocrx_word' id='word_1_55' title='bbox 1139 643 1314 683; x_wconf 82' lang='lat' dir='ltr'>fortuna.</span> <span class='ocrx_word' id='word_1_56' title='bbox 1351 657 1447 682; x_wconf 86' lang='lat' dir='ltr'>nam</span> 
     </span>
     <span class='ocr_line' id='line_1_9' title="bbox 95 703 1447 759; baseline -0.002 -13"><span class='ocrx_word' id='word_1_57' title='bbox 95 707 226 747; x_wconf 87' lang='lat' dir='ltr'>classe</span> <span class='ocrx_word' id='word_1_58' title='bbox 245 705 639 759; x_wconf 89' lang='lat' dir='ltr'>Peloponnesiorum</span> <span class='ocrx_word' id='word_1_59' title='bbox 659 704 821 744; x_wconf 75' lang='lat' dir='ltr'>devicta</span> <span class='ocrx_word' id='word_1_60' title='bbox 845 719 939 744; x_wconf 84' lang='lat' dir='ltr'>eum</span> <span class='ocrx_word' id='word_1_61' title='bbox 958 703 1089 744; x_wconf 85' lang='lat' dir='ltr'>ultum</span> <span class='ocrx_word' id='word_1_62' title='bbox 1115 718 1158 744; x_wconf 91' lang='lat' dir='ltr'>se</span> <span class='ocrx_word' id='word_1_63' title='bbox 1182 703 1350 744; x_wconf 88' lang='lat' dir='ltr'>iniurias</span> <span class='ocrx_word' id='word_1_64' title='bbox 1374 717 1447 757; x_wconf 88' lang='lat' dir='ltr'>pa-</span> 
     </span>
     <span class='ocr_line' id='line_1_10' title="bbox 95 765 1447 821; baseline -0.003 -13"><span class='ocrx_word' id='word_1_65' title='bbox 95 768 194 808; x_wconf 81' lang='lat' dir='ltr'>triae</span> <span class='ocrx_word' id='word_1_66' title='bbox 224 773 403 821; x_wconf 88' lang='lat' dir='ltr'>putaret,</span> <span class='ocrx_word' id='word_1_67' title='bbox 434 767 553 821; x_wconf 86' lang='lat' dir='ltr'>plura</span> <span class='ocrx_word' id='word_1_68' title='bbox 583 766 818 819; x_wconf 81' lang='lat' dir='ltr'>concupivit</span> <span class='ocrx_word' id='word_1_69' title='bbox 848 780 972 818; x_wconf 88' lang='lat' dir='ltr'>quam</span> <span class='ocrx_word' id='word_1_70' title='bbox 1003 765 1165 805; x_wconf 87' lang='lat' dir='ltr'>efficere</span> <span class='ocrx_word' id='word_1_71' title='bbox 1197 765 1339 819; x_wconf 89' lang='lat' dir='ltr'>potuit.</span> <span class='ocrx_word' id='word_1_72' title='bbox 1375 779 1447 804; x_wconf 94' lang='lat' dir='ltr'>ne-</span> 
     </span>
     <span class='ocr_line' id='line_1_11' title="bbox 95 825 1446 882; baseline -0.003 -13"><span class='ocrx_word' id='word_1_73' title='bbox 95 844 175 882; x_wconf 90' lang='lat' dir='ltr'>que</span> <span class='ocrx_word' id='word_1_74' title='bbox 200 835 338 869; x_wconf 86' lang='lat' dir='ltr'>tamen</span> <span class='ocrx_word' id='word_1_75' title='bbox 368 843 416 868; x_wconf 90' lang='lat' dir='ltr'>ea</span> <span class='ocrx_word' id='word_1_76' title='bbox 439 842 522 868; x_wconf 89' lang='lat' dir='ltr'>non</span> <span class='ocrx_word' id='word_1_77' title='bbox 551 827 620 881; x_wconf 87' lang='lat' dir='ltr'>pia</span> <span class='ocrx_word' id='word_1_78' title='bbox 645 833 684 867; x_wconf 85' lang='lat' dir='ltr'>et</span> <span class='ocrx_word' id='word_1_79' title='bbox 713 826 926 880; x_wconf 86' lang='lat' dir='ltr'>probanda</span> <span class='ocrx_word' id='word_1_80' title='bbox 955 826 1138 875; x_wconf 84' lang='lat' dir='ltr'>fuerunt,</span> <span class='ocrx_word' id='word_1_81' title='bbox 1171 826 1282 879; x_wconf 89' lang='lat' dir='ltr'>quod</span> <span class='ocrx_word' id='word_1_82' title='bbox 1310 825 1446 879; x_wconf 88' lang='lat' dir='ltr'>potius</span> 
     </span>
     <span class='ocr_line' id='line_1_12' title="bbox 94 888 1447 944; baseline -0.004 -14"><span class='ocrx_word' id='word_1_83' title='bbox 94 890 249 944; x_wconf 83' lang='lat' dir='ltr'>patriae</span> <span class='ocrx_word' id='word_1_84' title='bbox 269 904 368 943; x_wconf 90' lang='lat' dir='ltr'>opes</span> <span class='ocrx_word' id='word_1_85' title='bbox 389 889 531 943; x_wconf 79' lang='lat' dir='ltr'>augeri</span> <span class='ocrx_word' id='word_1_86' title='bbox 551 903 674 941; x_wconf 88' lang='lat' dir='ltr'>quam</span> <span class='ocrx_word' id='word_1_87' title='bbox 694 888 803 943; x_wconf 89' lang='lat' dir='ltr'>regis</span> <span class='ocrx_word' id='word_1_88' title='bbox 828 888 983 928; x_wconf 86' lang='lat' dir='ltr'>maluit.</span> <span class='ocrx_word' id='word_1_89' title='bbox 1021 903 1116 928; x_wconf 90' lang='lat' dir='ltr'>nam</span> <span class='ocrx_word' id='word_1_90' title='bbox 1141 902 1235 928; x_wconf 88' lang='lat' dir='ltr'>cum</span> <span class='ocrx_word' id='word_1_91' title='bbox 1253 901 1447 941; x_wconf 87' lang='lat' dir='ltr'>magnam</span> 
     </span>
     <span class='ocr_line' id='line_1_13' title="bbox 96 947 1447 1005; baseline -0.004 -13"><span class='ocrx_word' id='word_1_92' title='bbox 96 952 379 992; x_wconf 84' lang='lat' dir='ltr'>auctoritatem</span> <span class='ocrx_word' id='word_1_93' title='bbox 410 951 487 991; x_wconf 91' lang='lat' dir='ltr'>sibi</span> <span class='ocrx_word' id='word_1_94' title='bbox 517 966 658 1005; x_wconf 89' lang='lat' dir='ltr'>pugna</span> <span class='ocrx_word' id='word_1_95' title='bbox 687 950 756 990; x_wconf 89' lang='lat' dir='ltr'>illa</span> <span class='ocrx_word' id='word_1_96' title='bbox 786 949 940 998; x_wconf 87' lang='lat' dir='ltr'>navali,</span> <span class='ocrx_word' id='word_1_97' title='bbox 972 963 1096 1001; x_wconf 89' lang='lat' dir='ltr'>quam</span> <span class='ocrx_word' id='word_1_98' title='bbox 1126 949 1236 1002; x_wconf 88' lang='lat' dir='ltr'>apud</span> <span class='ocrx_word' id='word_1_99' title='bbox 1267 947 1447 989; x_wconf 83' lang='lat' dir='ltr'>Cnidum</span> 
     </span>
     <span class='ocr_line' id='line_1_14' title="bbox 95 1009 1447 1061; baseline -0.004 -8"><span class='ocrx_word' id='word_1_100' title='bbox 95 1012 264 1061; x_wconf 85' lang='lat' dir='ltr'>fecerat,</span> <span class='ocrx_word' id='word_1_101' title='bbox 292 1012 570 1052; x_wconf 86' lang='lat' dir='ltr'>constituisset</span> <span class='ocrx_word' id='word_1_102' title='bbox 593 1026 677 1051; x_wconf 91' lang='lat' dir='ltr'>non</span> <span class='ocrx_word' id='word_1_103' title='bbox 701 1011 834 1051; x_wconf 90' lang='lat' dir='ltr'>solum</span> <span class='ocrx_word' id='word_1_104' title='bbox 858 1011 963 1050; x_wconf 87' lang='lat' dir='ltr'>inter</span> <span class='ocrx_word' id='word_1_105' title='bbox 986 1010 1200 1057; x_wconf 87' lang='lat' dir='ltr'>barbaros,</span> <span class='ocrx_word' id='word_1_106' title='bbox 1228 1009 1302 1049; x_wconf 88' lang='lat' dir='ltr'>sed</span> <span class='ocrx_word' id='word_1_107' title='bbox 1326 1009 1447 1049; x_wconf 86' lang='lat' dir='ltr'>etiam</span> 
     </span>
     <span class='ocr_line' id='line_1_15' title="bbox 95 1070 1449 1125; baseline -0.002 -11"><span class='ocrx_word' id='word_1_108' title='bbox 95 1087 236 1114; x_wconf 87' lang='lat' dir='ltr'>omnes</span> <span class='ocrx_word' id='word_1_109' title='bbox 263 1071 449 1114; x_wconf 80' lang='lat' dir='ltr'>Graecae</span> <span class='ocrx_word' id='word_1_110' title='bbox 473 1072 670 1121; x_wconf 87' lang='lat' dir='ltr'>civitates,</span> <span class='ocrx_word' id='word_1_111' title='bbox 697 1072 802 1112; x_wconf 86' lang='lat' dir='ltr'>elam</span> <span class='ocrx_word' id='word_1_112' title='bbox 827 1072 924 1111; x_wconf 89' lang='lat' dir='ltr'>dare</span> <span class='ocrx_word' id='word_1_113' title='bbox 949 1085 1116 1125; x_wconf 86' lang='lat' dir='ltr'>operam</span> <span class='ocrx_word' id='word_1_114' title='bbox 1141 1070 1286 1124; x_wconf 87' lang='lat' dir='ltr'>coepit,</span> <span class='ocrx_word' id='word_1_115' title='bbox 1312 1076 1357 1110; x_wconf 92' lang='lat' dir='ltr'>ut</span> <span class='ocrx_word' id='word_1_116' title='bbox 1381 1070 1449 1111; x_wconf 82' lang='lat' dir='ltr'>Io-</span> 
     </span>
     <span class='ocr_line' id='line_1_16' title="bbox 93 1132 1493 1174; baseline -0.004 0"><span class='ocrx_word' id='word_1_117' title='bbox 93 1134 205 1174; x_wconf 84' lang='lat' dir='ltr'>niam</span> <span class='ocrx_word' id='word_1_118' title='bbox 230 1140 269 1174; x_wconf 91' lang='lat' dir='ltr'>et</span> <span class='ocrx_word' id='word_1_119' title='bbox 286 1134 478 1174; x_wconf 85' lang='lat' dir='ltr'>Aeoliam</span> <span class='ocrx_word' id='word_1_120' title='bbox 502 1133 734 1174; x_wconf 83' lang='lat' dir='ltr'>restitueret</span> <span class='ocrx_word' id='word_1_121' title='bbox 750 1132 1091 1173; x_wconf 82' lang='lat' dir='ltr'>Atheniensibus.</span> <span class='ocrx_word' id='word_1_122' title='bbox 1128 1132 1171 1172; x_wconf 86' lang='lat' dir='ltr'>id</span> <span class='ocrx_word' id='word_1_123' title='bbox 1195 1146 1289 1172; x_wconf 90' lang='lat' dir='ltr'>cum</span> <span class='ocrx_word' id='word_1_124' title='bbox 1313 1132 1448 1172; x_wconf 88' lang='lat' dir='ltr'>minus</span> <span class='ocrx_word' id='word_1_125' title='bbox 1475 1146 1493 1173; x_wconf 78' lang='lat'><strong>3</strong></span> 
     </span>
     <span class='ocr_line' id='line_1_17' title="bbox 93 1193 1447 1249; baseline -0.001 -14"><span class='ocrx_word' id='word_1_126' title='bbox 93 1195 310 1249; x_wconf 83' lang='lat' dir='ltr'>diligenter</span> <span class='ocrx_word' id='word_1_127' title='bbox 329 1202 438 1236; x_wconf 85' lang='lat' dir='ltr'>esset</span> <span class='ocrx_word' id='word_1_128' title='bbox 456 1195 645 1243; x_wconf 89' lang='lat' dir='ltr'>celatum,</span> <span class='ocrx_word' id='word_1_129' title='bbox 673 1194 905 1244; x_wconf 87' lang='lat' dir='ltr'>Tiribazus,</span> <span class='ocrx_word' id='word_1_130' title='bbox 932 1194 1003 1248; x_wconf 91' lang='lat' dir='ltr'>qui</span> <span class='ocrx_word' id='word_1_131' title='bbox 1023 1193 1224 1235; x_wconf 85' lang='lat' dir='ltr'>Sardibus</span> <span class='ocrx_word' id='word_1_132' title='bbox 1249 1201 1447 1248; x_wconf 84' lang='lat' dir='ltr'>praeerat,</span> 
     </span>
     <span class='ocr_line' id='line_1_18' title="bbox 96 1255 1449 1310; baseline -0.001 -13"><span class='ocrx_word' id='word_1_133' title='bbox 96 1256 310 1297; x_wconf 84' lang='lat' dir='ltr'>Cononem</span> <span class='ocrx_word' id='word_1_134' title='bbox 340 1257 544 1305; x_wconf 76' lang='lat' dir='ltr'>evocavit,</span> <span class='ocrx_word' id='word_1_135' title='bbox 583 1256 802 1305; x_wconf 86' lang='lat' dir='ltr'>simulans,</span> <span class='ocrx_word' id='word_1_136' title='bbox 835 1256 888 1296; x_wconf 88' lang='lat' dir='ltr'>ad</span> <span class='ocrx_word' id='word_1_137' title='bbox 916 1270 1058 1310; x_wconf 88' lang='lat' dir='ltr'>regem</span> <span class='ocrx_word' id='word_1_138' title='bbox 1089 1270 1182 1296; x_wconf 88' lang='lat' dir='ltr'>eum</span> <span class='ocrx_word' id='word_1_139' title='bbox 1215 1269 1258 1296; x_wconf 88' lang='lat' dir='ltr'>se</span> <span class='ocrx_word' id='word_1_140' title='bbox 1289 1255 1449 1295; x_wconf 86' lang='lat' dir='ltr'>mittere</span> 
     </span>
     <span class='ocr_line' id='line_1_19' title="bbox 95 1316 1450 1373; baseline -0.002 -14"><span class='ocrx_word' id='word_1_141' title='bbox 95 1319 198 1359; x_wconf 81' lang='lat' dir='ltr'>velle</span> <span class='ocrx_word' id='word_1_142' title='bbox 223 1333 375 1373; x_wconf 88' lang='lat' dir='ltr'>magna</span> <span class='ocrx_word' id='word_1_143' title='bbox 399 1319 450 1359; x_wconf 85' lang='lat' dir='ltr'>de</span> <span class='ocrx_word' id='word_1_144' title='bbox 474 1333 530 1359; x_wconf 91' lang='lat' dir='ltr'>re.</span> <span class='ocrx_word' id='word_1_145' title='bbox 568 1318 690 1358; x_wconf 86' lang='lat' dir='ltr'>huius</span> <span class='ocrx_word' id='word_1_146' title='bbox 715 1318 859 1358; x_wconf 86' lang='lat' dir='ltr'>nuntio</span> <span class='ocrx_word' id='word_1_147' title='bbox 884 1332 1033 1371; x_wconf 87' lang='lat' dir='ltr'>parens</span> <span class='ocrx_word' id='word_1_148' title='bbox 1060 1331 1153 1357; x_wconf 90' lang='lat' dir='ltr'>cum</span> <span class='ocrx_word' id='word_1_149' title='bbox 1177 1316 1376 1366; x_wconf 81' lang='lat' dir='ltr'>venisset,</span> <span class='ocrx_word' id='word_1_150' title='bbox 1407 1317 1450 1357; x_wconf 91' lang='lat' dir='ltr'>in</span> 
     </span>
     <span class='ocr_line' id='line_1_20' title="bbox 93 1377 1491 1432; baseline 0 -13"><span class='ocrx_word' id='word_1_151' title='bbox 93 1380 228 1420; x_wconf 81' lang='lat' dir='ltr'>vincla</span> <span class='ocrx_word' id='word_1_152' title='bbox 253 1380 462 1420; x_wconf 87' lang='lat' dir='ltr'>coniectus</span> <span class='ocrx_word' id='word_1_153' title='bbox 488 1386 563 1428; x_wconf 87' lang='lat' dir='ltr'>est,</span> <span class='ocrx_word' id='word_1_154' title='bbox 588 1380 632 1419; x_wconf 91' lang='lat' dir='ltr'>in</span> <span class='ocrx_word' id='word_1_155' title='bbox 655 1379 805 1432; x_wconf 88' lang='lat' dir='ltr'>quibus</span> <span class='ocrx_word' id='word_1_156' title='bbox 826 1378 1076 1431; x_wconf 85' lang='lat' dir='ltr'>aliquamdiu</span> <span class='ocrx_word' id='word_1_157' title='bbox 1100 1377 1191 1418; x_wconf 84' lang='lat' dir='ltr'>fuit.</span> <span class='ocrx_word' id='word_1_158' title='bbox 1227 1378 1323 1418; x_wconf 90' lang='lat' dir='ltr'>inde</span> <span class='ocrx_word' id='word_1_159' title='bbox 1347 1392 1449 1418; x_wconf 89' lang='lat' dir='ltr'>non·</span> <span class='ocrx_word' id='word_1_160' title='bbox 1473 1391 1491 1419; x_wconf 84' lang='grc'>4</span> 
     </span>
     <span class='ocr_line' id='line_1_21' title="bbox 94 1439 1449 1495; baseline -0.001 -15"><span class='ocrx_word' id='word_1_161' title='bbox 94 1440 195 1481; x_wconf 89' lang='lat' dir='ltr'>nulli</span> <span class='ocrx_word' id='word_1_162' title='bbox 225 1455 320 1481; x_wconf 89' lang='lat' dir='ltr'>eum</span> <span class='ocrx_word' id='word_1_163' title='bbox 345 1441 398 1481; x_wconf 89' lang='lat' dir='ltr'>ad</span> <span class='ocrx_word' id='word_1_164' title='bbox 426 1456 568 1495; x_wconf 88' lang='lat' dir='ltr'>regem</span> <span class='ocrx_word' id='word_1_165' title='bbox 598 1440 822 1482; x_wconf 87' lang='lat' dir='ltr'>abductum</span> <span class='ocrx_word' id='word_1_166' title='bbox 853 1440 992 1492; x_wconf 88' lang='lat' dir='ltr'>ibique</span> <span class='ocrx_word' id='word_1_167' title='bbox 1023 1454 1118 1480; x_wconf 87' lang='lat' dir='ltr'>eum</span> <span class='ocrx_word' id='word_1_168' title='bbox 1147 1439 1319 1493; x_wconf 84' lang='lat' dir='ltr'>periisse</span> <span class='ocrx_word' id='word_1_169' title='bbox 1351 1439 1449 1480; x_wconf 85' lang='lat' dir='ltr'>seri-</span> 
     </span>
     <span class='ocr_line' id='line_1_22' title="bbox 94 1500 1450 1555; baseline -0.001 -14"><span class='ocrx_word' id='word_1_170' title='bbox 94 1510 210 1555; x_wconf 86' lang='lat' dir='ltr'>ptum</span> <span class='ocrx_word' id='word_1_171' title='bbox 228 1501 490 1554; x_wconf 86' lang='lat' dir='ltr'>reliquerunt.</span> <span class='ocrx_word' id='word_1_172' title='bbox 528 1507 669 1543; x_wconf 87' lang='lat' dir='ltr'>contra</span> <span class='ocrx_word' id='word_1_173' title='bbox 688 1516 736 1542; x_wconf 87' lang='lat' dir='ltr'>ea</span> <span class='ocrx_word' id='word_1_174' title='bbox 754 1502 898 1542; x_wconf 90' lang='lat' dir='ltr'>Dinon</span> <span class='ocrx_word' id='word_1_175' title='bbox 915 1501 1147 1549; x_wconf 88' lang='lat' dir='ltr'>historicus,</span> <span class='ocrx_word' id='word_1_176' title='bbox 1174 1500 1240 1540; x_wconf 87' lang='lat' dir='ltr'>cui</span> <span class='ocrx_word' id='word_1_177' title='bbox 1258 1515 1333 1541; x_wconf 90' lang='lat' dir='ltr'>nos</span> <span class='ocrx_word' id='word_1_178' title='bbox 1358 1500 1450 1554; x_wconf 86' lang='lat' dir='ltr'>plu-</span> 
     </span>
     <span class='ocr_line' id='line_1_23' title="bbox 94 1561 1450 1617; baseline -0.001 -14"><span class='ocrx_word' id='word_1_179' title='bbox 94 1563 243 1603; x_wconf 88' lang='lat' dir='ltr'>rimum</span> <span class='ocrx_word' id='word_1_180' title='bbox 274 1563 324 1603; x_wconf 89' lang='lat' dir='ltr'>de</span> <span class='ocrx_word' id='word_1_181' title='bbox 348 1563 527 1605; x_wconf 83' lang='lat' dir='ltr'>Persicis</span> <span class='ocrx_word' id='word_1_182' title='bbox 557 1563 681 1604; x_wconf 87' lang='lat' dir='ltr'>rebus</span> <span class='ocrx_word' id='word_1_183' title='bbox 712 1563 935 1612; x_wconf 89' lang='lat' dir='ltr'>credimus,</span> <span class='ocrx_word' id='word_1_184' title='bbox 968 1562 1165 1617; x_wconf 83' lang='lat' dir='ltr'>effugisse</span> <span class='ocrx_word' id='word_1_185' title='bbox 1191 1561 1352 1616; x_wconf 86' lang='lat' dir='ltr'>scripsit</span> <span class='ocrx_word' id='word_1_186' title='bbox 1362 1578 1372 1611; x_wconf 84' lang='lat'><em>3</em></span> <span class='ocrx_word' id='word_1_187' title='bbox 1403 1562 1450 1601; x_wconf 93' lang='lat' dir='ltr'>il-</span> 
     </span>
     <span class='ocr_line' id='line_1_24' title="bbox 94 1623 1451 1677; baseline -0.001 -14"><span class='ocrx_word' id='word_1_188' title='bbox 94 1624 167 1664; x_wconf 88' lang='lat' dir='ltr'>lud</span> <span class='ocrx_word' id='word_1_189' title='bbox 197 1623 427 1674; x_wconf 84' lang='lat' dir='ltr'>addubitat,</span> <span class='ocrx_word' id='word_1_190' title='bbox 458 1630 596 1666; x_wconf 89' lang='lat' dir='ltr'>utrum</span> <span class='ocrx_word' id='word_1_191' title='bbox 621 1624 815 1666; x_wconf 87' lang='lat' dir='ltr'>Tiribazo</span> <span class='ocrx_word' id='word_1_192' title='bbox 847 1624 1000 1666; x_wconf 81' lang='lat' dir='ltr'>sciente</span> <span class='ocrx_word' id='word_1_193' title='bbox 1032 1639 1084 1664; x_wconf 89' lang='lat' dir='ltr'>an</span> <span class='ocrx_word' id='word_1_194' title='bbox 1114 1623 1372 1677; x_wconf 86' lang='lat' dir='ltr'>imprudente</span> <span class='ocrx_word' id='word_1_195' title='bbox 1399 1623 1451 1663; x_wconf 87' lang='lat' dir='ltr'>sit</span> 
     </span>
     <span class='ocr_line' id='line_1_25' title="bbox 97 1685 263 1727; baseline 0.012 -2"><span class='ocrx_word' id='word_1_196' title='bbox 97 1685 263 1727; x_wconf 88' lang='lat' dir='ltr'>factum.</span> 
     </span>
    </p>
   </div>
   <div class='ocr_carea' id='block_1_3' title="bbox 1471 776 1490 803">
    <p class='ocr_par' dir='ltr' id='par_1_4' title="bbox 1471 776 1490 803">
     <span class='ocr_line' id='line_1_26' title="bbox 1471 776 1490 803; textangle 90"><span class='ocrx_word' id='word_1_197' title='bbox 1471 776 1490 803; x_wconf 69' lang='grc' dir='ltr'>[ὓ</span> 
     </span>
    </p>
   </div>
   <div class='ocr_carea' id='block_1_4' title="bbox 614 1820 928 1863">
    <p class='ocr_par' dir='ltr' id='par_1_5' title="bbox 614 1820 928 1863">
     <span class='ocr_line' id='line_1_27' title="bbox 614 1820 928 1863; baseline -0.003 0"><span class='ocrx_word' id='word_1_198' title='bbox 614 1821 675 1863; x_wconf 89' lang='lat' dir='ltr'>X.</span> <span class='ocrx_word' id='word_1_199' title='bbox 723 1820 928 1863; x_wconf 91' lang='lat' dir='ltr'>DION.</span> 
     </span>
    </p>
   </div>
   <div class='ocr_carea' id='block_1_5' title="bbox 95 1931 1498 2724">
    <p class='ocr_par' dir='ltr' id='par_1_6' title="bbox 95 1931 1498 2724">
     <span class='ocr_line' id='line_1_28' title="bbox 162 1931 1490 1988; baseline -0.002 -15"><span class='ocrx_word' id='word_1_200' title='bbox 162 1932 196 1973; x_wconf 87' lang='lat' dir='ltr'>l.</span> <span class='ocrx_word' id='word_1_201' title='bbox 232 1932 364 1982; x_wconf 90' lang='lat' dir='ltr'>Dion,</span> <span class='ocrx_word' id='word_1_202' title='bbox 397 1932 619 1988; x_wconf 88' lang='lat' dir='ltr'>Hipparini</span> <span class='ocrx_word' id='word_1_203' title='bbox 643 1933 770 1982; x_wconf 88' lang='lat' dir='ltr'>filius,</span> <span class='ocrx_word' id='word_1_204' title='bbox 805 1932 1111 1987; x_wconf 85' lang='lat' dir='ltr'>Syracusanus,</span> <span class='ocrx_word' id='word_1_205' title='bbox 1143 1931 1270 1972; x_wconf 83' lang='lat' dir='ltr'>nobili</span> <span class='ocrx_word' id='word_1_206' title='bbox 1300 1945 1449 1986; x_wconf 82' lang='lat' dir='ltr'>genere</span> <span class='ocrx_word' id='word_1_207' title='bbox 1480 1945 1490 1971; x_wconf 82' lang='lat'>1</span> 
     </span>
     <span class='ocr_line' id='line_1_29' title="bbox 95 1993 1451 2050; baseline -0.001 -16"><span class='ocrx_word' id='word_1_208' title='bbox 95 2000 233 2043; x_wconf 87' lang='lat' dir='ltr'>natus,</span> <span class='ocrx_word' id='word_1_209' title='bbox 264 2001 437 2048; x_wconf 88' lang='lat' dir='ltr'>utraque</span> <span class='ocrx_word' id='word_1_210' title='bbox 467 1996 700 2050; x_wconf 88' lang='lat' dir='ltr'>implicatus</span> <span class='ocrx_word' id='word_1_211' title='bbox 731 1995 946 2049; x_wconf 86' lang='lat' dir='ltr'>tyrannide</span> <span class='ocrx_word' id='word_1_212' title='bbox 976 1993 1287 2048; x_wconf 88' lang='lat' dir='ltr'>Dionysiorum.</span> <span class='ocrx_word' id='word_1_213' title='bbox 1336 2008 1451 2033; x_wconf 86' lang='lat' dir='ltr'>nam-</span> 
     </span>
     <span class='ocr_line' id='line_1_30' title="bbox 96 2054 1451 2111; baseline -0.001 -15"><span class='ocrx_word' id='word_1_214' title='bbox 96 2070 174 2107; x_wconf 86' lang='lat' dir='ltr'>que</span> <span class='ocrx_word' id='word_1_215' title='bbox 205 2056 272 2096; x_wconf 91' lang='lat' dir='ltr'>ille</span> <span class='ocrx_word' id='word_1_216' title='bbox 304 2058 489 2111; x_wconf 90' lang='lat' dir='ltr'>superior</span> <span class='ocrx_word' id='word_1_217' title='bbox 517 2058 857 2106; x_wconf 86' lang='lat' dir='ltr'>Aristomachen,</span> <span class='ocrx_word' id='word_1_218' title='bbox 893 2070 1077 2097; x_wconf 87' lang='lat' dir='ltr'>sororem</span> <span class='ocrx_word' id='word_1_219' title='bbox 1106 2055 1275 2104; x_wconf 89' lang='lat' dir='ltr'>Dionis,</span> <span class='ocrx_word' id='word_1_220' title='bbox 1308 2054 1451 2095; x_wconf 82' lang='lat' dir='ltr'>habuit</span> 
     </span>
     <span class='ocr_line' id='line_1_31' title="bbox 96 2116 1451 2172; baseline -0.001 -16"><span class='ocrx_word' id='word_1_221' title='bbox 96 2117 138 2157; x_wconf 87' lang='lat' dir='ltr'>in</span> <span class='ocrx_word' id='word_1_222' title='bbox 172 2117 450 2168; x_wconf 86' lang='lat' dir='ltr'>matrimonio,</span> <span class='ocrx_word' id='word_1_223' title='bbox 490 2134 542 2160; x_wconf 81' lang='lat' dir='ltr'>ex</span> <span class='ocrx_word' id='word_1_224' title='bbox 573 2133 655 2172; x_wconf 88' lang='lat' dir='ltr'>qua</span> <span class='ocrx_word' id='word_1_225' title='bbox 690 2119 793 2160; x_wconf 90' lang='lat' dir='ltr'>duos</span> <span class='ocrx_word' id='word_1_226' title='bbox 825 2118 949 2167; x_wconf 88' lang='lat' dir='ltr'>filios,</span> <span class='ocrx_word' id='word_1_227' title='bbox 987 2117 1266 2171; x_wconf 87' lang='lat' dir='ltr'>Hipparinum</span> <span class='ocrx_word' id='word_1_228' title='bbox 1297 2122 1337 2156; x_wconf 80' lang='lat' dir='ltr'>et.</span> <span class='ocrx_word' id='word_1_229' title='bbox 1364 2116 1451 2170; x_wconf 79' lang='lat' dir='ltr'>Ny-</span> 
     </span>
     <span class='ocr_line' id='line_1_32' title="bbox 97 2176 1493 2233; baseline -0.001 -15"><span class='ocrx_word' id='word_1_230' title='bbox 97 2193 251 2228; x_wconf 84' lang='lat' dir='ltr'>saeum,</span> <span class='ocrx_word' id='word_1_231' title='bbox 277 2180 518 2233; x_wconf 85' lang='lat' dir='ltr'>procreavit,</span> <span class='ocrx_word' id='word_1_232' title='bbox 544 2181 796 2233; x_wconf 87' lang='lat' dir='ltr'>totidemque</span> <span class='ocrx_word' id='word_1_233' title='bbox 821 2180 938 2229; x_wconf 90' lang='lat' dir='ltr'>filias,</span> <span class='ocrx_word' id='word_1_234' title='bbox 964 2179 1128 2220; x_wconf 89' lang='lat' dir='ltr'>nomine</span> <span class='ocrx_word' id='word_1_235' title='bbox 1155 2176 1451 2232; x_wconf 78' lang='lat' dir='ltr'>Sophrosynen</span> <span class='ocrx_word' id='word_1_236' title='bbox 1488 2212 1493 2217; x_wconf 73' lang='grc'>,</span> 
     </span>
     <span class='ocr_line' id='line_1_33' title="bbox 97 2238 1450 2295; baseline -0.001 -17"><span class='ocrx_word' id='word_1_237' title='bbox 97 2245 137 2278; x_wconf 84' lang='lat' dir='ltr'>ct</span> <span class='ocrx_word' id='word_1_238' title='bbox 171 2239 346 2290; x_wconf 87' lang='lat' dir='ltr'>Areten,</span> <span class='ocrx_word' id='word_1_239' title='bbox 384 2256 557 2294; x_wconf 87' lang='lat' dir='ltr'>quarum</span> <span class='ocrx_word' id='word_1_240' title='bbox 592 2242 770 2295; x_wconf 91' lang='lat' dir='ltr'>priorem</span> <span class='ocrx_word' id='word_1_241' title='bbox 805 2241 1012 2295; x_wconf 85' lang='lat' dir='ltr'>Dionysio</span> <span class='ocrx_word' id='word_1_242' title='bbox 1048 2240 1150 2289; x_wconf 87' lang='lat' dir='ltr'>filio,</span> <span class='ocrx_word' id='word_1_243' title='bbox 1194 2239 1346 2287; x_wconf 88' lang='lat' dir='ltr'>eidem,</span> <span class='ocrx_word' id='word_1_244' title='bbox 1385 2238 1450 2278; x_wconf 86' lang='lat' dir='ltr'>eui</span> 
     </span>
     <span class='ocr_line' id='line_1_34' title="bbox 98 2300 1449 2357; baseline 0 -18"><span class='ocrx_word' id='word_1_245' title='bbox 98 2314 270 2354; x_wconf 83' lang='lat' dir='ltr'>regnum</span> <span class='ocrx_word' id='word_1_246' title='bbox 299 2302 479 2355; x_wconf 87' lang='lat' dir='ltr'>reliquit,</span> <span class='ocrx_word' id='word_1_247' title='bbox 516 2310 690 2357; x_wconf 90' lang='lat' dir='ltr'>nuptum</span> <span class='ocrx_word' id='word_1_248' title='bbox 721 2303 849 2352; x_wconf 86' lang='lat' dir='ltr'>dedit,</span> <span class='ocrx_word' id='word_1_249' title='bbox 882 2303 1069 2351; x_wconf 87' lang='lat' dir='ltr'>alteram,</span> <span class='ocrx_word' id='word_1_250' title='bbox 1101 2300 1276 2349; x_wconf 83' lang='lat' dir='ltr'>Areten,</span> <span class='ocrx_word' id='word_1_251' title='bbox 1308 2300 1449 2340; x_wconf 90' lang='lat' dir='ltr'>Dioni.</span> 
     </span>
     <span class='ocr_line' id='line_1_35' title="bbox 96 2361 1494 2418; baseline -0.001 -17"><span class='ocrx_word' id='word_1_252' title='bbox 96 2361 211 2401; x_wconf 91' lang='lat' dir='ltr'>Dion</span> <span class='ocrx_word' id='word_1_253' title='bbox 231 2368 367 2403; x_wconf 89' lang='lat' dir='ltr'>autem</span> <span class='ocrx_word' id='word_1_254' title='bbox 386 2370 547 2417; x_wconf 87' lang='lat' dir='ltr'>praeter</span> <span class='ocrx_word' id='word_1_255' title='bbox 565 2364 745 2405; x_wconf 90' lang='lat' dir='ltr'>nobilem</span> <span class='ocrx_word' id='word_1_256' title='bbox 764 2364 1112 2418; x_wconf 88' lang='lat' dir='ltr'>propinquitatem</span> <span class='ocrx_word' id='word_1_257' title='bbox 1125 2376 1450 2417; x_wconf 82' lang='lat' dir='ltr'>generosamquc</span> <span class='ocrx_word' id='word_1_258' title='bbox 1477 2373 1494 2400; x_wconf 73' lang='lat'>‘2</span> 
     </span>
     <span class='ocr_line' id='line_1_36' title="bbox 98 2422 1451 2476; baseline -0.001 -14"><span class='ocrx_word' id='word_1_259' title='bbox 98 2422 298 2463; x_wconf 87' lang='lat' dir='ltr'>maiorum</span> <span class='ocrx_word' id='word_1_260' title='bbox 323 2424 477 2464; x_wconf 86' lang='lat' dir='ltr'>samam</span> <span class='ocrx_word' id='word_1_261' title='bbox 501 2424 632 2476; x_wconf 76' lang='lat' dir='ltr'>multav</span> <span class='ocrx_word' id='word_1_262' title='bbox 654 2424 733 2464; x_wconf 89' lang='lat' dir='ltr'>alia</span> <span class='ocrx_word' id='word_1_263' title='bbox 757 2424 809 2465; x_wconf 90' lang='lat' dir='ltr'>ab</span> <span class='ocrx_word' id='word_1_264' title='bbox 834 2431 978 2465; x_wconf 88' lang='lat' dir='ltr'>natura</span> <span class='ocrx_word' id='word_1_265' title='bbox 1002 2424 1146 2464; x_wconf 88' lang='lat' dir='ltr'>habuit</span> <span class='ocrx_word' id='word_1_266' title='bbox 1169 2424 1296 2471; x_wconf 86' lang='lat' dir='ltr'>bona,</span> <span class='ocrx_word' id='word_1_267' title='bbox 1321 2423 1363 2462; x_wconf 90' lang='lat' dir='ltr'>in</span> <span class='ocrx_word' id='word_1_268' title='bbox 1388 2422 1451 2461; x_wconf 84' lang='lat' dir='ltr'>his</span> 
     </span>
     <span class='ocr_line' id='line_1_37' title="bbox 96 2483 1451 2540; baseline -0.001 -17"><span class='ocrx_word' id='word_1_269' title='bbox 96 2483 308 2538; x_wconf 80' lang='lat' dir='ltr'>ingenium</span> <span class='ocrx_word' id='word_1_270' title='bbox 334 2485 478 2534; x_wconf 85' lang='lat' dir='ltr'>docile,</span> <span class='ocrx_word' id='word_1_271' title='bbox 511 2499 639 2535; x_wconf 88' lang='lat' dir='ltr'>come,</span> <span class='ocrx_word' id='word_1_272' title='bbox 666 2492 807 2540; x_wconf 85' lang='lat' dir='ltr'>aptum</span> <span class='ocrx_word' id='word_1_273' title='bbox 834 2486 885 2526; x_wconf 90' lang='lat' dir='ltr'>ad</span> <span class='ocrx_word' id='word_1_274' title='bbox 911 2492 1018 2526; x_wconf 88' lang='lat' dir='ltr'>artes</span> <span class='ocrx_word' id='word_1_275' title='bbox 1044 2485 1232 2539; x_wconf 78' lang='lat' dir='ltr'>optimaS,</span> <span class='ocrx_word' id='word_1_276' title='bbox 1258 2498 1451 2538; x_wconf 85' lang='lat' dir='ltr'>magnam</span> 
     </span>
     <span class='ocr_line' id='line_1_38' title="bbox 99 2546 1452 2601; baseline -0.001 -16"><span class='ocrx_word' id='word_1_277' title='bbox 99 2546 277 2599; x_wconf 85' lang='lat' dir='ltr'>corporis</span> <span class='ocrx_word' id='word_1_278' title='bbox 297 2546 551 2601; x_wconf 85' lang='lat' dir='ltr'>dignitatem,</span> <span class='ocrx_word' id='word_1_279' title='bbox 572 2561 677 2600; x_wconf 87' lang='lat' dir='ltr'>quae</span> <span class='ocrx_word' id='word_1_280' title='bbox 695 2562 776 2587; x_wconf 89' lang='lat' dir='ltr'>non</span> <span class='ocrx_word' id='word_1_281' title='bbox 796 2547 1010 2587; x_wconf 86' lang='lat' dir='ltr'>minimum</span> <span class='ocrx_word' id='word_1_282' title='bbox 1024 2546 1345 2593; x_wconf 87' lang='lat' dir='ltr'>commendatur,</span> <span class='ocrx_word' id='word_1_283' title='bbox 1366 2560 1452 2585; x_wconf 85' lang='lat' dir='ltr'>ma-</span> 
     </span>
     <span class='ocr_line' id='line_1_39' title="bbox 97 2606 1452 2663; baseline 0 -17"><span class='ocrx_word' id='word_1_284' title='bbox 97 2622 202 2661; x_wconf 84' lang='lat' dir='ltr'>gnas</span> <span class='ocrx_word' id='word_1_285' title='bbox 227 2615 438 2662; x_wconf 88' lang='lat' dir='ltr'>praeterea</span> <span class='ocrx_word' id='word_1_286' title='bbox 462 2606 624 2649; x_wconf 87' lang='lat' dir='ltr'>divitias</span> <span class='ocrx_word' id='word_1_287' title='bbox 650 2624 675 2649; x_wconf 90' lang='lat' dir='ltr'>a</span> <span class='ocrx_word' id='word_1_288' title='bbox 697 2615 812 2663; x_wconf 87' lang='lat' dir='ltr'>patre</span> <span class='ocrx_word' id='word_1_289' title='bbox 836 2608 1017 2657; x_wconf 78' lang='lat' dir='ltr'>relictas,</span> <span class='ocrx_word' id='word_1_290' title='bbox 1050 2622 1152 2660; x_wconf 87' lang='lat' dir='ltr'>quas</span> <span class='ocrx_word' id='word_1_291' title='bbox 1177 2607 1266 2660; x_wconf 88' lang='lat' dir='ltr'>ipse</span> <span class='ocrx_word' id='word_1_292' title='bbox 1291 2606 1452 2661; x_wconf 77' lang='lat' dir='ltr'>tyranni</span> 
     </span>
     <span class='ocr_line' id='line_1_40' title="bbox 98 2668 1498 2724; baseline 0.001 -17"><span class='ocrx_word' id='word_1_293' title='bbox 98 2669 336 2710; x_wconf 86' lang='lat' dir='ltr'>muneribus</span> <span class='ocrx_word' id='word_1_294' title='bbox 368 2676 548 2710; x_wconf 79' lang='lat' dir='ltr'>auxerat.</span> <span class='ocrx_word' id='word_1_295' title='bbox 592 2676 678 2711; x_wconf 89' lang='lat' dir='ltr'>erat</span> <span class='ocrx_word' id='word_1_296' title='bbox 707 2670 874 2711; x_wconf 86' lang='lat' dir='ltr'>intimus</span> <span class='ocrx_word' id='word_1_297' title='bbox 904 2669 1110 2724; x_wconf 85' lang='lat' dir='ltr'>Dionysio</span> <span class='ocrx_word' id='word_1_298' title='bbox 1141 2668 1282 2722; x_wconf 88' lang='lat' dir='ltr'>priori,</span> <span class='ocrx_word' id='word_1_299' title='bbox 1320 2682 1452 2721; x_wconf 81' lang='lat' dir='ltr'>neque</span> <span class='ocrx_word' id='word_1_300' title='bbox 1480 2680 1498 2708; x_wconf 70' lang='lat'><strong>3</strong></span> 
     </span>
    </p>
   </div>
  </div>
 </body>
</html>
