1788 3200
294 192 347 232 96
727 194 968 232 CORNELII
988 195 1200 231 NEPO'I'IS

293 282 404 316 retur
427 273 616 328 migrare,
644 286 738 313 cum
758 271 924 326 quidem
937 270 1125 327 Agrippa
1147 286 1240 313 eum
1260 272 1362 313 flens
1383 277 1504 326 atque
1523 287 1640 314 oscu-

250 351 268 380 ‘2
293 337 382 377 lans
408 341 542 376 oraret
565 342 688 388 atque
713 334 958 384 obsecraret,
984 349 1036 375 ne
1060 335 1113 375 ad
1136 335 1190 384 id,
1216 335 1327 388 quod
1350 343 1497 376 natura
1521 349 1642 390 coge-

292 406 365 446 ret,
390 397 479 451 ipse
503 411 667 450 quoque
693 395 772 438 sibi
795 396 1057 446 acceleraret,
1084 403 1124 437 et
1148 397 1341 450 quoniam
1366 404 1453 437 tum
1478 411 1642 450 quoquc

292 465 432 513 posset
461 458 714 513 temporibus
746 472 980 513 superesse,
1018 473 1062 499 se
1094 458 1173 500 sibi
1204 459 1371 512 suisque
1401 465 1642 508 reservaret,

248 535 267 564 3
292 534 434 574 preces
460 520 548 562 eius
573 521 775 562 taciturna
800 535 875 561 sua
899 519 1174 561 obstinatione
1199 520 1413 574 depressit.
1458 520 1517 561 sic
1547 534 1642 561 cum

294 581 464 623 biduum
489 582 582 624 cibo
608 597 651 624 se
676 581 955 631 abstinuisset,
982 581 1117 622 subito
1142 581 1269 622 febris
1295 582 1472 623 decessit
1495 581 1645 622 levior-

292 659 372 698 que
402 644 570 686 morbus
601 659 694 686 esse
719 645 864 699 coepit.
907 650 1046 684 tamen
1074 644 1331 698 propositum
1355 644 1482 685 nihilo
1509 644 1642 685 secius

291 706 463 761 peregit..
499 707 637 759 itaque
657 706 723 746 die
742 706 884 759 quinto
908 712 1015 759 post,
1041 719 1165 758 quam
1184 705 1227 745 id
1246 705 1461 746 consilium
1485 706 1642 754 inierat,

292 767 422 821 pridie
446 766 652 808 Calendas
673 766 841 821 Apriles
869 766 1162 816 Cn.D0mitio,
1191 765 1239 807 C.
1258 764 1380 807 Sosio
1406 766 1643 807 consulibus

248 842 267 870 4
293 828 483 869 decessit.
531 829 661 869 elatus
699 835 762 869 est
795 828 839 869 in
872 827 1079 877 lecticula,
1118 833 1163 868 ut
1193 828 1283 882 ipse
1313 828 1643 882 praescripserat,

294 891 381 932 sine
405 890 490 932 ulla
512 905 665 946 pompa
683 890 852 941 funeris,
880 890 1170 932 comitantibus
1190 890 1381 931 omnibus
1402 890 1533 940 bonis,
1559 905 1646 931 ma-

292 952 404 993 xima
422 952 537 1008 vulgi
561 953 803 1007 frequentia.
843 953 1027 1007 sepultus
1048 959 1110 994 est
1134 952 1249 993 iuxta
1268 952 1377 993 viam
1390 951 1574 1006 Appiam
1593 952 1646 992 ad

293 1014 481 1068 quintum
505 1015 683 1070 lapidem
707 1015 751 1056 in
773 1020 1038 1057 monumento
1066 1014 1117 1068 Q.
1141 1013 1322 1064 Caecilii,
1350 1013 1543 1055 avunculi
1568 1013 1643 1054 sui.
