1788 3200
305 187 358 228 26
741 190 983 227 CORNELII
1001 190 1220 227 NEPOTIS

305 272 384 311 tius
411 269 488 310 sibi
513 266 721 322 agendum
751 279 846 306 cum
870 265 1155 308 Pharnabazo.
1197 266 1293 308 huic
1318 282 1415 323 ergo
1439 269 1656 318 renuntiat,

304 346 408 384 quae
432 329 521 384 regi
546 343 640 369 cum
663 328 1009 369 Lacedaemoniis
1035 335 1191 378 essent,
1220 327 1352 383 [irrita
1375 328 1552 384 futura,]
1578 330 1658 370 nisi

259 408 276 436 :3
302 390 564 432 Alcibiadem
582 389 723 431 vivum
749 395 819 430 aut
837 396 1044 430 mortuum
1070 389 1149 431 sibi
1173 390 1421 431 tradidisset.
1459 405 1542 431 non
1567 391 1658 431 tulit

301 454 379 494 hoc
405 459 588 506 satrapes
613 457 654 492 et
677 451 830 492 violare
850 451 1108 492 elementiam
1128 466 1252 505 quam
1269 452 1379 507 regis
1404 467 1503 506 opes
1529 452 1658 493 minui
1696 465 1705 468 ·

301 514 456 555 1111111111.
492 513 631 566 itaque
654 512 766 553 misit
785 511 1074 554 Susamithren
1098 519 1139 554 et
1156 514 1372 568 Bagaeum
1397 514 1450 554 ad
1473 513 1658 555 Alcibia-

303 576 398 616 dem
422 574 766 624 interficiendum,
798 589 892 615 eum
916 574 984 616 ille
1009 580 1119 616 esset
1147 575 1190 616 in
1214 575 1370 630 Phryg
1360 591 1399 616 ia
1423 576 1580 629 iterque
1605 576 1658 616 ad

257 655 277 683 4
302 652 443 693 regem
468 643 735 691 eomparaiffet
773 635 891 676 missi
915 636 1020 677 clam
1039 636 1251 686 vicinitati,
1276 636 1318 677 in
1337 651 1419 690 qua
1439 645 1525 677 tum
1543 637 1658 678 Alci-

299 699 441 740 1)111(105
468 704 570 746 erat,
603 698 702 738 dant
731 697 963 751 negotium,
995 703 1041 737 ut
1071 712 1165 737 eum
1189 697 1444 738 interficiant.
1481 699 1539 739 illi
1564 713 1657 739 eum

296 760 407 800 >ferro
432 758 604 814 aggredi
626 773 709 798 non
734 758 949 806 auderent,
981 764 1107 798 noctu
1129 759 1243 814 ligna
1268 759 1525 800 contulerunt
1550 760 1658 801 circa

300 836 438 862 casam
463 835 567 868 eam,
593 819 636 859 in
659 833 742 872 qua
761 818 1013 871 quiescebat,
1040 834 1170 872 eaque
1191 821 1501 870 succenderunt,
1528 828 1573 862 ut
1596 822 1659 862 in-

299 882 444 923 cendio
465 881 724 930 conficerent,
751 895 874 934 quem
899 896 1025 921 manu
1045 881 1229 936 superari
1252 896 1376 936 posse
1401 883 1657 924 diffidebant.

256 959 273 985 f>
299 945 365 985 ille
390 950 527 985 autem
552 949 597 983 ut
622 942 757 983 sonitu
782 942 971 983 fiammae
997 948 1060 983 est
1084 943 1304 992 excitatus,
1332 944 1409 984 etsi
1433 944 1595 999 gladius
1621 945 1658 985 ei

299 1012 385 1046 erat
404 1005 644 1054 subductus,
671 1004 883 1045 familiaris
904 1004 968 1045 sui
987 1004 1176 1045 subalare
1201 1005 1327 1045 telum
1353 1006 1511 1060 eripuit.
1543 1022 1659 1047 nam-

299 1082 378 1121 que
409 1073 496 1108 erat
526 1081 621 1107 cum
651 1081 700 1107 eo
731 1066 899 1119 quidam
931 1081 983 1107 ex
1012 1065 1196 1107 Arcadia
1225 1067 1396 1121 hospes,
1434 1068 1504 1121 qui
1538 1084 1658 1108 num-

299 1144 423 1183 quam
448 1128 659 1169 discedere
685 1128 882 1168 voluerat.
920 1127 1030 1168 hune
1063 1128 1180 1182 sequi
1205 1143 1249 1169 se
1274 1128 1388 1170 iubet
1417 1136 1457 1170 et
1481 1130 1523 1170 id
1547 1130 1657 1183 quod

297 1192 339 1231 in
373 1190 606 1245 praesentia
635 1189 974 1230 vestimentorum
1010 1189 1105 1239 fuit,
1143 1190 1295 1244 arripit.
1343 1191 1407 1232 his
1439 1191 1480 1231 in
1516 1191 1655 1246 ignem

255 1266 271 1295 6
298 1253 437 1294 0100115
470 1253 660 1293 fiammae
690 1252 776 1292 vim
801 1252 973 1292 transiit.
1010 1266 1134 1305 quem
1158 1258 1203 1292 ut
1233 1252 1396 1293 barbari
1420 1253 1655 1294 incendium

298 1315 495 1370 effugisse
515 1314 717 1363 viderunt,
744 1313 834 1354 telis
861 1314 1021 1354 eminus
1042 1314 1179 1355 missis
1199 1314 1490 1355 interfecerunt
1516 1321 1657 1369 caput-

297 1391 376 1429 que
397 1376 483 1417 eius
503 1376 555 1416 ad
574 1374 895 1416 Pharnabazum
913 1375 1151 1415 retulerunt.
1189 1382 1230 1416 at
1249 1376 1405 1425 mulier,
1432 1391 1537 1429 quae
1563 1391 1654 1417 eum

297 1452 346 1478 eo
379 1437 514 1478 vivere
545 1442 781 1485 consuerat,
812 1436 1003 1476 muliebri
1036 1451 1110 1477 sua
1139 1442 1253 1477 veste
1285 1443 1517 1478 contectum
1547 1438 1657 1478 aedi-

297 1500 378 1540 ficii
408 1499 596 1540 incendio
627 1504 836 1539 mortuum
872 1499 1086 1547 cremavit,
1124 1499 1235 1552 quod
1266 1499 1317 1539 ad
1348 1499 1488 1540 vivum
1518 1500 1656 1541 interi-

296 1562 491 1602 mendum
523 1567 608 1601 erat
639 1567 933 1615 compar.atum
972 1561 1031 1601 sie
1061 1560 1302 1602 Alcibiades
1336 1576 1464 1603 annos
1498 1562 1657 1603 circiter

297 1624 570 1679 quadraginta
594 1629 716 1664 natus
743 1623 852 1664 diem
877 1623 976 1664 obiit
1004 1638 1254 1678 supremum.

255 1699 265 1725 1
361 1686 446 1727 XI.
483 1685 610 1726 Hune
629 1685 874 1725 infamatum
900 1701 924 1725 a
947 1685 1154 1739 pleiisque
1175 1692 1256 1726 tres
1277 1685 1510 1740 glavissimi
1531 1657 1656 1726 histo-

295 1747 367 1787 rici
393 1747 563 1788 summis
584 1746 775 1787 laudibus
796 1747 1047 1795 extulerunt,
1074 1747 1355 1801 Thucydides,
1382 1747 1451 1800 qui
1471 1747 1656 1788 eiusdem

296 1809 439 1849 aetatis
466 1808 555 1857 fuit,
582 1808 892 1862 Theopompus,
918 1808 988 1860 qui
1014 1816 1108 1862 post
1131 1808 1340 1861 aliquanto
1365 1815 1498 1857 natus,
1526 1814 1566 1849 et
1585 1808 1656 1848 Ti-

296 1885 450 1919 maeus,
471 1870 541 1923 qui
561 1870 728 1923 quidem
748 1870 829 1910 duo
848 1869 1239 1919 maledicentissimi,
1258 1869 1398 1911 nescio
1418 1884 1499 1923 quo
1518 1871 1653 1919 modo,

296 1933 337 1972 in
362 1932 430 1973 illo
457 1947 537 1972 uno
562 1931 769 1972 laudando
791 1931 1072 1972 constiterunt.
1108 1945 1286 1984 namque
1312 1946 1372 1980 ea,
1399 1945 1504 1984 quae
1531 1947 1656 1986 supra

296 1994 556 2048 scripsimus,
589 1994 640 2034 (10
666 2008 713 2034 00
738 1993 1043 2047 praedicarunt,
1076 1999 1199 2046 atque
1224 1993 1302 2033 hoc
1332 1993 1527 2047 amplius:
1560 2008 1654 2034 cum

295 2056 485 2105 Athenis,
507 2055 842 2110 splendidissima
861 2055 1038 2104 civitate,
1064 2061 1185 2096 natus
1206 2063 1327 2104 esset,
1354 2069 1497 2095 omnes
1518 2055 1654 2109 splen-

251 2133 268 2161 3
295 2118 392 2158 dore
411 2131 459 2157 ac
485 2117 685 2171 dignitate
705 2131 923 2171 superasse
950 2117 1057 2156 vitae
1066 2132 1076 2165 3
1102 2123 1321 2171 postquam
1340 2116 1435 2156 inde
1455 2116 1652 2170 expulsus

295 2178 462 2220 Thebas
494 2178 669 2228 venerit,
701 2178 803 2219 adeo
834 2178 980 2219 studiis
1012 2192 1154 2219 eorum
1184 2177 1424 2226 inservisse,
1457 2183 1501 2218 ut
1532 2193 1653 2218 nemo

295 2255 389 2280 eum
413 2239 552 2280 labore
573 2239 836 2293 corporisque
860 2239 1015 2280 viribus
1040 2245 1183 2294 posset
1201 2239 1465 2294 aequiperare
1491 2238 1653 2291 (omnes

295 2303 403 2343 enim
432 2302 581 2343 Boeoti
611 2302 744 2357 magis
781 2302 963 2343 firmitati
994 2303 1175 2357 corporis
1207 2317 1332 2356 quam
1367 2302 1523 2358 ingenii
1559 2316 1655 2343 acu-

257 2382 269 2408 1
295 2365 394 2406 mini
424 2366 690 2419 inserviunt);
722 2366 899 2406 eundem
928 2366 1040 2420 apud
1069 2365 1445 2414 Lacedaemonios,
1479 2378 1653 2418 quorum

294 2427 477 2468 moribus
504 2443 666 2468 summa
689 2427 818 2468 virtus
843 2427 885 2467 in
908 2428 1106 2482 patientia
1129 2427 1370 2482 ponebatur,
1398 2427 1456 2468 510
1480 2426 1653 2467 duritiae

296 2504 339 2530 se
365 2489 547 2538 dedisse,
581 2496 625 2530 ut
648 2489 898 2543 parsimonia
927 2489 1060 2530 victus
1086 2496 1208 2542 atque
1240 2489 1373 2530 cultus
1399 2503 1541 2530 omnes
1567 2488 1653 2529 La-

296 2551 582 2592 cedaemonios
613 2552 813 2601 vineeret3
844 2551 974 2592 fuisse
1006 2551 1117 2606 apud
1142 2551 1344 2600 Thracas,
1376 2550 1562 2591 homines
1593 2549 1652 2589 vi-

296 2614 481 2655 nolentos
506 2613 713 2667 rebusque
738 2614 921 2655 venereis
947 2614 1120 2663 deditos,
1146 2614 1221 2654 hos
1247 2627 1410 2666 quoque
1435 2612 1477 2652 in
1501 2611 1564 2652 his
1590 2625 1651 2651 re-

252 2690 269 2717 .)
298 2674 373 2715 bus
406 2676 697 2725 antecessisse3
735 2676 898 2716 venisse
929 2676 981 2716 ad
1013 2676 1182 2725 Persas,
1215 2675 1325 2729 apud
1355 2688 1459 2727 quos
1492 2687 1650 2713 summa
1707 2698 1709 2701 ι

252 1949 268 1974 ιζ
