1741 3184
585 225 956 261 EPAMINONDAS.
1393 219 1440 259 51

99 300 232 341 dendo
258 298 568 355 Epaminondas
594 313 688 339 cum
713 300 764 340 de
789 300 933 341 ceteris
959 308 1202 354 perorasset,
1227 308 1446 356 postquam

100 362 152 403 ad
175 363 245 403 illa
268 363 349 402 duo
369 359 586 414 opprobria
604 361 801 414 pervenit,
828 361 1019 402 admirari
1045 377 1088 403 sc
1107 363 1210 403 dixit
1235 363 1447 404 stultitiam

99 423 271 464 rhetoris
301 421 448 470 Attici,
479 420 550 474 qui
580 435 662 461 non
693 421 1044 470 animadverterit,
1081 423 1318 465 innocentes
1355 424 1445 465 illos

98 491 216 525 natos
247 483 376 531 domi,
415 482 566 522 scelere
597 482 780 523 admisso
812 496 905 523 cum
940 483 1073 537 patria
1103 491 1241 524 essent
1271 485 1444 539 expulsi,

98 552 282 598 receptos
320 557 411 584 esse
447 542 499 584 ab
530 542 871 584 Atheniensibus.
921 543 994 584 sed
1025 543 1203 584 maxime
1239 545 1326 585 cius
1364 546 1446 586 clo-

97 605 264 659 quentia
299 604 426 645 eluxit
457 602 632 658 Spartae
668 604 792 659 legati
828 610 921 645 ante
956 619 1140 659 pugnam
1170 605 1444 646 Leuctricam.

97 682 179 720 quo
215 680 309 707 cum
346 665 530 707 omnium
566 665 771 707 sociorum
807 666 1095 707 convenissent
1129 666 1272 722 legati,
1309 681 1446 708 coram

97 727 429 782 frequentissimo
447 727 701 782 legationum
721 735 925 769 conventu
950 728 1009 769 sic
1020 728 1446 770 Lacedaemoniorum

98 789 356 844 tyrannidem
376 789 573 844 coarguit,
594 796 639 830 ut
658 804 740 830 non
752 789 888 830 minus
908 789 977 830 illa
991 790 1171 831 oratione
1187 805 1285 844 opes
1306 805 1446 831 eorum

99 852 351 892 concusserit
387 865 511 904 quam
535 851 757 892 Leuctrica
792 865 944 906 pugna.
993 858 1079 891 tum
1116 851 1224 892 enim
1262 851 1444 905 perfecit,

98 912 209 966 quod
244 919 338 967 post
373 913 578 967 apparuit,
615 919 660 953 ut
695 912 847 954 auxilio
883 913 1206 954 Lacedaemonii
1243 913 1446 954 sociorum

98 975 367 1030 privarentur.

166 1036 265 1077 VH.
307 1037 458 1077 Fuisse
494 1035 718 1090 patientem
755 1051 1005 1088 suorumque
1042 1035 1209 1076 iniurias
1247 1035 1445 1076 ferentem

99 1098 268 1146 civium,
307 1098 418 1150 quod
449 1112 493 1139 se
527 1098 682 1151 patriae
712 1097 833 1138 irasci
859 1098 974 1138 nefas
1007 1112 1098 1138 esse
1123 1098 1308 1146 duceret,
1346 1097 1445 1138 haec

100 1166 194 1199 sunt
219 1159 463 1199 testimonia.
509 1173 604 1199 cum
629 1173 723 1199 eum
753 1166 918 1213 propter
943 1158 1139 1199 invidiam
1165 1158 1276 1199 cives
1302 1159 1447 1212 praefi-

99 1235 190 1261 cere
215 1220 409 1261 exercitui
434 1220 679 1270 noluissent,
712 1220 877 1274 duxque
904 1227 1013 1261 esset
1038 1220 1220 1261 delectus
1252 1219 1348 1261 belli
1373 1220 1448 1260 im-

98 1282 272 1337 peritus,
299 1281 416 1323 cuius
442 1296 576 1323 errore
601 1296 649 1323 eo
675 1290 784 1323 esset
809 1282 984 1322 deducta
1009 1281 1077 1322 illa
1101 1281 1318 1322 multitudo
1344 1282 1448 1322 mili-

99 1351 204 1392 tum,
241 1350 286 1384 ut
317 1358 460 1385 omnes
492 1344 542 1384 de
574 1344 704 1385 salute
734 1344 1086 1398 pertimescerent,
1125 1344 1235 1396 quod
1265 1343 1447 1384 locorum

99 1405 300 1459 angustiis
321 1405 449 1445 clausi
468 1405 519 1446 ab
538 1405 727 1446 hostibus
742 1405 1047 1453 obsidebantur,
1063 1404 1284 1445 desiderari
1304 1414 1448 1459 coepta

100 1474 161 1507 cst
173 1466 488 1521 Epaminondae
507 1467 729 1522 diligentia.
768 1474 852 1507 erat
872 1466 980 1507 enim
999 1466 1055 1507 ibi
1075 1466 1257 1520 privatus
1278 1480 1446 1506 numero

101 1529 253 1569 militis.
291 1544 315 1569 a
333 1543 414 1581 quo
434 1543 527 1569 cum
552 1536 738 1583 peterent
757 1543 889 1582 opem,
915 1527 1070 1568 nullam
1090 1527 1275 1568 adhibuit
1294 1542 1447 1567 memo—

99 1590 200 1630 riam
221 1590 491 1630 contumeliae
511 1597 549 1630 et
569 1590 792 1631 exercitum
811 1589 1024 1630 obsidione
1043 1588 1259 1630 liberatum
1279 1589 1447 1629 domum

99 1652 262 1692 reduxit
286 1652 544 1692 incolumem.
582 1666 715 1705 neque
740 1666 836 1692 vero
867 1651 945 1692 hoc
969 1650 1096 1692 semel
1120 1650 1228 1699 fecit,
1261 1650 1333 1691 sed
1359 1665 1448 1691 sae-

100 1713 205 1767 pius.
259 1714 438 1754 maxime
475 1721 612 1754 autem
653 1713 730 1753 fuit
765 1713 940 1761 illustre,
985 1727 1079 1753 cum
1113 1711 1479 1765 Peloponnesum:

101 1775 324 1815 exereitum
355 1776 542 1816 duxisset
578 1775 775 1815 adversus
806 1773 1162 1815 Lacedaemonios
1198 1773 1446 1826 haberetque

101 1836 279 1891 collegas
305 1837 426 1885 duos,
459 1851 633 1890 quorum
664 1836 764 1877 alter
789 1843 874 1876 erat
898 1835 1139 1889 Pelopidas,
1172 1835 1234 1875 vir
1258 1834 1375 1875 fortis
1400 1849 1448 1874 ac

101 1904 304 1938 strenuus.
341 1897 383 1938 hi
402 1912 496 1938 cum
517 1897 754 1939 criminibus
774 1897 1262 1952 adversariorum*omnes
1287 1896 1328 1936 in
1346 1895 1450 1936 invi-

101 1959 211 2000 diam
236 1959 456 2008 venisscnt,
484 1959 536 2000 ob
557 1973 730 2012 eamque
754 1973 840 1999 rem
865 1958 1082 2013 imperium
1106 1957 1170 1998 his
1196 1965 1305 1998 essct
1330 1956 1448 1997 abro—

100 2027 255 2074 gatum,
283 2027 404 2074 atque
429 2021 469 2061 in
491 2036 631 2062 eorum
656 2021 792 2061 locum
812 2020 879 2061 alii
904 2027 1110 2074 praetores
1137 2018 1445 2066 successissent,

101 2082 413 2136 Epaminondas
438 2082 580 2137 populi
601 2083 702 2123 scito
720 2097 801 2122 non
815 2081 962 2136 paruit,
983 2081 1173 2134 idemque
1192 2088 1237 2120 ut
1254 2079 1446 2127 facerent,

101 2144 305 2198 persuasit
324 2144 491 2200 collegis
512 2152 552 2185 et
576 2144 741 2192 bellum,
763 2144 873 2197 quod
893 2150 1140 2197 susceperat,
1166 2141 1308 2197 gessit.
1334 2156 1449 2181 nam-

102 2220 181 2258 que
206 2205 567 2255 animadvertebat,
594 2206 672 2247 nisi
691 2206 731 2246 id
757 2205 936 2253 fecisset,
964 2213 1094 2245 totum
1113 2203 1337 2244 exercitum
1356 2217 1450 2257 pro-

102 2273 192 2319 pter
208 2260 441 2320 praetorum
461 2267 777 2321 imprudentiam
795 2267 1080 2319 inscitiamque
1101 2265 1196 2306 belli
1210 2265 1446 2319 periturum.

103 2327 169 2366 lex
195 2334 280 2367 erat
304 2328 478 2377 Thebis,
517 2343 621 2381 quac
646 2336 774 2368 morte
799 2327 1017 2376 multabat,
1050 2326 1083 2367 si
1109 2326 1200 2379 quis
1231 2325 1448 2379 imperium

105 2387 257 2428 diutius
293 2389 545 2438 retinuisset,
589 2404 711 2442 quam
754 2389 846 2442 lege
883 2388 1142 2442 praefinitum
1178 2387 1295 2427 soret.
1344 2385 1448 2425 hanc

104 2449 414 2503 Epaminondas
435 2465 527 2490 cum
546 2450 603 2490 rei
623 2450 810 2503 publicae
831 2449 1134 2490 conservandae
1155 2462 1302 2488 caussa
1325 2447 1449 2486 latam

106 2512 279 2559 videret,
306 2511 357 2551 ad
382 2512 604 2565 perniciem
629 2511 804 2551 civitatis
831 2511 1016 2550 conferre
1041 2509 1171 2550 noluit
1196 2516 1235 2548 et
1259 2515 1450 2560 quattuor

106 2573 317 2614 mensibus
337 2574 501 2623 diutius,
522 2588 645 2627 quam
664 2573 839 2627 populus
861 2573 1046 2620 iusserat,
1073 2571 1200 2625 gessit
1221 2569 1447 2623 imperium.

174 2634 295 2675 VIII.
332 2634 560 2688 Postquam
580 2635 747 2675 domum
767 2631 942 2674 reditum
963 2640 1036 2682 est,
1064 2632 1244 2686 collegae
1265 2631 1352 2671 eius
1372 2630 1449 2669 hoe

108 2696 274 2737 crimine
311 2696 621 2738 accusabantur.
671 2695 820 2749 quibus
857 2695 924 2736 ille
960 2694 1162 2749 permisit,
1208 2698 1250 2732 ut
1286 2707 1448 2732 omnem

1125 2758 1167 2791 4³?

1472 1477 1489 1505 ¹0
