1788 3200
151 215 197 243 vl
643 215 693 239 DE
720 213 900 240 CORNELH
923 212 1082 240 NEPOTJS

149 290 297 335 quidem
323 289 388 323 sed
413 288 461 322 ad
488 286 637 321 exitium
661 288 792 320 ruente
817 297 856 321 re
929 285 980 321 Ut
993 289 1073 320 crat
1087 285 1215 330 Nepos
1230 296 1371 319 summa
1384 295 1526 319 morum
1541 285 1593 318 in-

147 333 544 378 publicamoribusque
559 331 596 365 in
611 330 772 365 deterius
780 342 856 365 mu·
881 331 1055 375 tegi-itate
1069 341 1114 365 ae
1128 330 1325 374 suavitate,
1335 329 1436 375 quod
1444 332 1595 374 praeter

147 378 233 413 tatis
249 378 340 411 vidit
354 376 611 410 cruentissima
625 375 757 409 civium
772 386 855 410 cou-
882 376 984 410 aliud
1031 375 1261 410 luculentum
1303 373 1554 409 testimonium
1562 376 1595 401 18

148 429 205 457 tra
220 422 318 456 cives
340 421 457 465 bella,
483 420 576 455 vidit
594 421 723 455 turbas
744 425 856 466 atque
883 421 983 455 haud
998 420 1075 455 scio
1090 431 1138 454 an
1151 420 1385 455 familiaritas
1401 431 1483 454 cum
1492 418 1595 453 Cice-

148 468 282 501 cacdes
297 466 483 500 Marianas
498 470 535 500 et
549 463 736 508 Sullanas,
759 464 856 500 Cati·
882 476 972 500 rone
998 469 1036 500 et
1058 464 1185 500 Attico
1219 469 1411 500 eontracta
1438 464 1595 498 maxime

147 512 244 545 linae
261 511 396 552 scelus,
413 510 534 545 Clodii
548 510 707 554 furores,
723 510 857 545 Caesa·
883 510 993 544 nobis
1009 510 1245 555 comprobet,
1266 510 1318 544 ita
1332 508 1595 554 philosophiae

145 556 194 590 ris
209 555 516 600 dominationem,
532 566 732 600 prosperos
748 555 858 590 Octa—
884 555 1049 599 favebat,
1065 559 1250 601 quatenus
1264 560 1365 589 recte
1381 554 1528 588 vivendi
1543 554 1595 588 di-

145 601 243 635 viani
270 612 465 635 successus
491 605 529 635 et
553 600 702 646 longius
735 604 858 635 aetate
885 599 1081 644 sciplinam
1096 600 1274 644 continet,
1294 605 1337 634 ut
1359 611 1489 633 revera
1509 598 1595 633 stoi-

145 650 346 691 provectus
360 645 410 679 M.
424 645 578 679 Antonii
593 645 790 680 interitum.
885 655 1011 679 corum
1030 645 1171 689 placita
1191 648 1341 679 secutus
1361 655 1442 679 osse
1463 650 1595 689 putan-

191 691 314 725 Minus
339 690 450 724 nobis
477 691 666 734 cognitum
698 695 755 724 est
777 700 858 734 per-
885 690 953 723 dus
969 689 1026 723 sit.
1052 689 1146 723 Nam
1160 689 1436 734 philosophiam
1447 688 1596 723 omniuo

147 739 400 780 spectumque‚
415 735 551 779 quibus
571 735 791 778 parentibus
804 745 860 768 or·
885 745 1030 768 omnem
1045 734 1078 768 ei
1092 733 1209 768 fuisse
1225 733 1453 778 contemptui
1467 745 1598 768 vereor

145 786 203 813 tus
224 779 271 814 sit
292 785 329 814 ct
354 779 540 823 quomodo
562 779 755 812 educatus.
787 778 859 812 Ta·
884 781 925 811 ut
937 781 1038 812 recte
1059 777 1129 812 sibi
1149 778 1404 822 persuaserint
1428 778 1598 812 homines

146 835 229 858 men
245 835 287 858 cx
302 824 418 858 totius
428 823 525 856 vitae
542 822 620 856 eius
635 823 858 866 rationibus,
886 822 1034 867 quidam
1051 822 1149 856 docti
1165 827 1319 868 propter
1332 823 1523 857 Laetantii
1543 823 1597 857 iu-

146 873 324 913 quantum
346 879 410 902 eas
430 867 606 912 persequi
626 868 732 910 licet,
759 867 858 902 haud
886 867 1068 901 dicium.l9
1093 867 1225 912 Neque
1240 879 1285 902 ea
1299 868 1436 911 scripta
1451 866 1598 902 Cicero·

147 914 272 959 inepte
289 913 459 957 colligas,
476 924 558 946 euin
574 913 710 956 nobili,
726 913 858 947 fortas-
884 911 959 955 nis,
976 923 1071 957 quae
1085 911 1215 956 Nepos
1229 912 1391 957 legenda
1403 923 1479 946 non
1493 918 1597 957 puta-

145 959 195 993 sis
209 958 374 1003 equestri
389 959 472 993 loco
483 962 609 992 natum
619 962 730 1003 atque
746 957 859 992 omni·
886 957 983 1001 vit,20
1023 957 1259 1002 hilosophica
1268 957 1490 1002 accipienda
1503 968 1599 998 esse,

145 1004 215 1038 bus
239 1005 318 1039 fere
344 1003 389 1037 iis
415 1003 557 1037 artibus
590 1007 626 1036 et
652 1003 859 1048 disciplinis
885 1002 986 1048 quod
1026 1002 1264 1047 Ieusingerus
1288 1001 1408 1037 voluit
1427 1013 1509 1037 cum
1528 1003 1599 1037 Po-

144 1048 351 1083 institutum
377 1059 478 1091 esse,
507 1048 642 1093 quibus
668 1048 744 1082 illis
770 1052 859 1082 tem·
884 1058 987 1092 pma,
1016 1048 1082 1081 sed
1101 1048 1253 1092 poetica
1273 1047 1502 1082 recentiores
1530 1047 1599 1081 viri

145 1094 300 1138 poribus
320 1093 473 1138 ingenui
487 1094 740 1128 Romanorum
754 1093 859 1138 pueri
885 1093 987 1127 docti
1001 1092 1096 1127 bene
1110 1093 1417 1127 intellexerunt.21

143 1139 287 1174 institui
302 1139 379 1173 sole
387 1139 476 1173 bant.
485 1141 529 1181 ,16
576 1150 664 1173 uare
686 1150 768 1172 eum
784 1149 858 1172 uon
931 1137 1102 1172 Otiosum
1115 1142 1273 1183 tempu3,
1290 1149 1363 1183 quo
1379 1137 1497 1182 ipsum
1513 1149 1596 1182 pro-

146 1185 265 1218 solum
289 1183 534 1228 popularibus
572 1183 766 1227 listoricis,
800 1194 859 1218 ve—
883 1186 968 1228 pter
996 1194 1189 1217 muncrum
1218 1183 1451 1217 vacationem
1482 1183 1599 1217 abun-

144 1241 225 1263 rum
239 1229 350 1263 etiam
364 1228 520 1263 Graecis
536 1228 799 1273 scriptoribus,
819 1232 860 1261 ut
885 1229 995 1262 dasse
1011 1239 1124 1272 supra
1138 1228 1381 1270 ostendimus,
1399 1228 1600 1262 collocavit

146 1274 207 1319 qui
230 1273 365 1309 Gracci
384 1273 564 1308 sermonis
585 1273 726 1319 peritus
747 1277 858 1316 esset,
884 1273 921 1307 in
936 1272 1145 1307 scribendis
1159 1273 1335 1307 historiis.
1355 1273 1479 1318 Atque
1496 1271 1599 1307 exiis

145 1319 328 1364 insignem
344 1318 737 1363 operampraestitisse
752 1317 857 1352 dubi-
885 1318 1052 1363 quidem,
1079 1328 1175 1363 quae
1201 1318 1366 1363 scripsit,
1393 1322 1599 1361 temporum

144 1364 215 1398 tari
235 1364 294 1397 vix
313 1368 449 1408 potest.
485 1364 556 1398 His
578 1363 710 1397 studiis
729 1363 858 1397 adiun-
883 1362 1029 1397 ratione
1066 1362 1215 1407 habita,
1259 1363 1393 1408 quibus
1437 1363 1598 1406 scripsit,

145 1408 215 1452 xit,
240 1408 279 1442 id
304 1409 405 1454 quod
430 1408 608 1443 historiae
636 1409 858 1443 scribendae
883 1408 1040 1452 primum
1066 1408 1188 1442 locum
1215 1408 1387 1442 obtinent
1415 1405 1530 1441 Chre
1541 1408 1600 1441 ni-

146 1453 342 1488 consilium
360 1453 594 1498 requirebat,
621 1453 729 1487 simul
747 1453 858 1488 adcu-
884 1455 986 1495 ca,2·2
1006 1463 1161 1498 quorum
1183 1452 1301 1487 tribus
1322 1451 1427 1487 libris
1443 1463 1525 1486 cum
1539 1462 1599 1486 ex-

146 1499 320 1533 ratiorem
336 1499 523 1544 quandam
538 1499 663 1544 legum
676 1502 791 1543 atque
805 1497 858 1532 in-
882 1501 1045 1532 terarum
1069 1497 1235 1542 gentium
1264 1500 1342 1531 tum
1369 1497 1600 1533 Graecorum

147 1544 358 1578 stitutorum
374 1543 571 1587 maiorum,
592 1544 680 1577 item
698 1544 753 1578 rei
766 1543 857 1577 mili-
883 1548 995 1588 atque
1008 1542 1261 1577 Romanorum
1275 1553 1335 1577 res
1354 1542 1510 1577 maxime
1524 1554 1598 1576 mc-

145 1589 236 1623 taris
267 1589 448 1623 notitiam.
496 1588 677 1624 Nimirum
707 1588 857 1623 omnino
883 1588 1084 1623 morabiles
1098 1587 1245 1622 videtur
1261 1587 1454 1632 amplexus
1468 1590 1599 1622 esse.²3

147 1633 344 1668 verisimile
366 1638 440 1677 est,
467 1645 489 1667 a
513 1638 618 1678 patre
645 1632 762 1667 filium
786 1633 860 1668 iam

147 1678 281 1723 puerili
295 1683 418 1713 aetate
433 1678 587 1712 Romam
597 1679 748 1712 ductum
763 1689 858 1722 esse,

147 1724 273 1768 ibique
284 1723 417 1757 deinde
428 1734 511 1757 eum
524 1727 642 1757 totam
656 1722 734 1757 fere
747 1723 858 1757 vitam

148 1767 470 1812 consumpsissein
481 1767 860 1811 optimisartiumlite-

147 1823 343 1858 rarumque
352 1812 747 1857 studiis‚maximopere
756 1811 859 1857 iniis,
871 1821 873 1830 '

149 1870 242 1904 quae
259 1859 306 1892 ad
321 1858 514 1892 historiam
528 1859 762 1892 tractandam
778 1869 858 1902 spe-

149 1908 310 1947 ctarent,
332 1903 531 1937 excitatum
551 1911 588 1938 et
606 1903 774 1938 adiutum
790 1915 858 1937 usu

148 1955 185 1983 ct
199 1949 487 1989 consuetudine,
510 1959 606 1993 quae
625 1948 722 1982 inter
739 1948 873 1999 ipsum¹

147 1994 405 2028 intercedebat
414 1994 635 2037 ctAtticum,
646 1993 750 2027 cuius
765 1994 859 2028 adeo

149 2038 364 2073 domesticis
378 2039 490 2073 rebus
505 2043 659 2083 propter
672 2038 860 2072 familiari-

147 2087 261 2118 tatem
276 2095 388 2128 saepe
404 2095 442 2117 se
453 2084 665 2118 interfuisse
680 2084 777 2118 ait.1⁷
792 2084 874 2119 l'ar

148 2133 241 2163 trem
272 2134 397 2162 autem
428 2129 653 2173 locupletem
684 2129 800 2163 fuisse
826 2123 874 2163 et'

149 2175 364 2218 opulentum
381 2174 497 2209 velex
514 2185 557 2208 eo
574 2177 700 2217 potest
719 2173 859 2217 colligi,

148 2219 247 2264 quod
263 2218 340 2252 filio
352 2218 489 2253 Romae
506 2219 610 2252 licuit
624 2230 705 2252 esse
719 2221 874 2253 remoto*

147 2275 170 2297 a
183 2263 344 2308 publicis
359 2264 573 2298 muneribus
583 2263 861 2299 honestissimo-

149 2319 221 2354 que
236 2308 308 2343 frui
321 2309 409 2344 otio.

148 2418 175 2442 p.
189 2412 244 2442 11.)
257 2412 292 2437 ad
306 2415 433 2438 extrema
447 2408 596 2439 Octaviani
610 2415 738 2445 tempora
752 2413 860 2438 vixisse
872 2396 873 2409 l

148 2449 283 2471 statuunt.
294 2446 426 2472 Ceterum
436 2447 469 2471 de
479 2448 576 2472 mortis
589 2454 693 2478 genere
701 2447 771 2471 nihil
781 2454 860 2478 pror-

148 2487 195 2504 sus
208 2484 382 2512 compertum
397 2481 547 2509 habemus,
563 2489 627 2506 nam
647 2488 662 2505 a
683 2481 860 2505 Callisthene

149 2513 248 2538 liberto
259 2515 376 2539 venenis
390 2522 453 2539 eum
468 2519 629 2546 corruptum
639 2515 860 2539 omis-seniorum

149 2549 191 2571 est
209 2552 399 2573 commentum
415 2549 435 2573 1.
449 2549 485 2573 A.
500 2549 618 2573 Fabricii
640 2549 787 2578 (Bibliotli.
810 2548 858 2573 lat.

149 2585 168 2603 t.
184 2581 205 2604 1.
220 2588 246 2611 p.
263 2583 307 2606 101
325 2584 368 2606 etl.
390 2583 530 2612 Ernesti),
551 2584 597 2613 qui
619 2583 690 2607 mule
712 2583 873 2614 perspexit

151 2616 240 2638 locum
257 2615 394 2640 Plutum-lii
411 2617 437 2640 in
454 2616 571 2640 Lucullo
588 2624 611 2640 c.
627 2617 669 2641 ⁴3.

183 2649 214 2671 10
241 2648 285 2672 (js.
300 2649 541 2680 Vit.Auici1‚l.

186 2682 213 2705 Π
240 2681 306 2706 ibid.
324 2684 361 2712 ll,
379 2685 401 2706 ῖ.
871 2684 874 2712 j

884 1632 1082 1677 Nonnulli,
1111 1633 1246 1678 quibus
1266 1633 1523 1667 accensendus
1544 1636 1600 1667 est

883 1678 1107 1723 Rankius‚24
1133 1689 1217 1712 eum
1236 1678 1354 1722 ligata
1374 1677 1542 1712 oratioue
1561 1677 1599 1711 in

883 1723 929 1757 iis
963 1734 1071 1757 usum
1102 1734 1184 1757 esse
1216 1723 1459 1767 contendunt,
1497 1723 1599 1768 quod

885 1773 1013 1812 aperte
1045 1771 1082 1802 et
1113 1766 1282 1801 Catullus
1291 1771 1323 1795 ‘25
1358 1779 1480 1813 nugas
1513 1779 1600 1801 suas

886 1823 967 1847 cum
985 1812 1083 1846 illius
1098 1812 1220 1846 doctis
1235 1812 1480 1846 etlaboriosis
1495 1812 1600 1846 ehar-

883 1857 932 1891 tis
947 1857 1220 1901 comparaverit
1241 1860 1277 1891 et
1289 1856 1479 1891 Ausonius
1494 1867 1539 1891 ea
1552 1857 1601 1891 ad

884 1902 1136 1936 instituendos
1151 1913 1294 1946 pueros
1315 1902 1597 1936 commendave-

885 1947 944 1981 rit.
993 1947 1103 1988 Quod
1129 1952 1210 1980 utut
1236 1951 1309 1989 est,
1336 1947 1373 1980 in
1400 1957 1444 1981 eo
1471 1957 1600 1981 omnes

886 1992 963 2027 fere
985 1992 1236 2035 consentiunt,
1253 1991 1435 2025 Chronica
1451 1992 1515 2026 illa
1530 1991 1598 2025 cir-

887 2038 977 2072 citer
996 2049 1029 2072 a.
1044 2038 1087 2071 50
1107 2048 1139 2071 a.
1156 2037 1238 2071 Chr.
1254 2048 1288 2071 n.
1309 2037 1485 2071 absoluta
1503 2047 1598 2079 esse,

887 2094 1111 2128 quamquam
1153 2093 1198 2116 ex
1240 2093 1338 2127 vaga
1379 2081 1599 2127 Hieronymi

887 2128 1022 2162 Clu-on.
1038 2127 1174 2161 Euseb.
1188 2129 1380 2161 notatione
1401 2127 1449 2161 ad
1464 2138 1600 2161 annum

872 2173 1033 2220 1ΟΙγῐῐη).
1049 2172 1125 2216 185,
1142 2173 1158 2205 1
1173 2189 1216 2200 =
1229 2172 1273 2206 40
1288 2183 1319 2206 a.
1341 2171 1424 2206 Chr.
1440 2184 1491 2216 n.,
1515 2174 1601 2205 cm·-

919 2277 952 2301 18
976 2275 1061 2300 Pllnil
1075 2276 1167 2306 Epist.
1182 2275 1216 2306 V,
1231 2276 1256 2305 3,
1272 2276 1297 2300 6.

872 2329 873 2334 ,
919 2311 951 2335 19
977 2310 1010 2334 de
1025 2310 1083 2334 div.
1098 2310 1188 2334 instit.
1203 2310 1252 2339 111,
1268 2310 1315 2339 15,
1330 2309 1372 2337 10,
1392 2308 1440 2333 ubl
1460 2308 1599 2339 Nepotem

886 2343 1017 2369 Ciceroni
1032 2344 1179 2374 scripsisse
1194 2343 1297 2367 diserte
1312 2345 1449 2367 memorat
1464 2349 1496 2367 ea
1506 2361 1512 2372 ‚
1527 2349 1599 2373 quae

885 2379 1107 2409 fragmentorum
1126 2385 1154 2409 p.
1169 2379 1200 2402 97
1216 2377 1259 2401 cd.
1275 2380 1387 2402 nostrae
1407 2377 1490 2401 tertio
1504 2376 1599 2408 posui·

885 2419 948 2437 mus
963 2412 1036 2436 loco.

919 2447 951 2471 20
976 2445 1039 2470 Vid.
1054 2452 1137 2476 supra
1150 2444 1246 2469 adnot.
1261 2445 1286 2469 8.

918 2481 949 2505 21
976 2478 1021 2503 Cf.
1037 2480 1170 2503 Rinckius
1184 2485 1228 2509 ap.
1245 2479 1326 2503 Roth.
1342 2486 1368 2509 p.
1382 2477 1416 2503 L.

918 2515 951 2539 22
975 2513 1040 2538 Vid.
1057 2513 1165 2538 Gellius
1177 2512 1212 2537 N.
1226 2512 1262 2537 A.
1275 2512 1364 2543 xvn,
1378 2513 1420 2538 21.
1441 2511 1530 2537 Solini
1545 2510 1596 2534 Ρο-

884 2547 982 2580 lyhist.
998 2548 1022 2571 1.
1038 2549 1065 2571 ct
1080 2548 1122 2571 40.

919 2584 950 2606 ⁴2³
977 2582 1019 2606 ltu
1032 2582 1090 2605 scre
1103 2581 1334 2605 Luetkeuhusius
1348 2587 1374 2611 p.
1390 2580 1422 2604 29
1436 2581 1463 2603 et
1476 2577 1594 2602 lleldius

885 2616 996 2645 Prolcg.
1012 2622 1038 2646 p.
1054 2615 1096 2639 13.

919 2651 951 2674 24
975 2649 1009 2673 (lc
1025 2648 1058 2673 C.
1072 2648 1105 2672 N.
1121 2649 1179 2672 vita
1194 2652 1221 2672 et
1235 2648 1332 2678 script.
1348 2654 1374 2680 1).
1388 2647 1430 2670 37.

919 2684 951 2707 25
975 2682 1039 2707 viil.
1054 2682 1149 2706 adnot.
1166 2682 1206 2705 11.
