1788 3200
196 190 277 231 102

193 273 288 298 a.Cln·.
297 279 326 297 n.

214 317 280 350 319

213 416 280 450 318

211 516 278 550 317

212 567 278 601 316

211 617 277 651 301

211 668 278 702 236

211 718 276 752 281

210 819 277 852 230

210 869 276 902 272

209 919 276 952 265

209 969 276 1003 248

209 1019 276 1053 242

209 1120 274 1154 241

209 1221 275 1256 238

208 1272 274 1306 229

204 1372 273 1406 221

207 1524 274 1557 220

206 1575 273 1608 219

206 1776 273 1811 218

207 1878 273 1911 217

207 1927 274 1962 214

206 1979 273 2012 213

207 2029 273 2063 203

207 2080 272 2114 207

207 2180 273 2214 205

206 2281 274 2316 204

206 2384 273 2417 ‘203

207 2434 273 2466 ‘202

208 2486 274 2518 200

213 2586 221 2617 1
231 2586 273 2618 08

212 2636 274 2668 lab·

214 2684 274 2718 195

494 199 717 227 DESCRIPTIO
743 197 951 225 TEMPORUM
975 198 1103 224 RERUM
1128 198 1342 224 GESTARUM.

339 315 523 348 Eumenes
548 315 653 346 tutor
682 311 807 346 factus
833 311 1035 346 liberorum
1058 309 1264 346 Alexandri
1294 310 1436 346 bellum
1465 311 1644 347 adversus

382 363 611 408 Antigonum
625 366 735 406 parat
757 363 859 396 Eam.
876 362 896 396 6
910 365 948 396 et
960 362 991 396 7.

337 414 503 449 Nicanor
510 413 705 447 Piraeeum
720 417 882 457 occupat
894 414 999 447 Phoc.
1007 412 1040 457 2,
1049 412 1081 446 5.
1094 412 1265 447 Phocion
1280 411 1645 458 oeciditurPlzoc.4,3.

381 464 567 499 Eumenes
581 463 770 498 hiemandi
784 475 918 498 caussa
932 462 1060 508 copias
1075 474 1162 497 suas
1178 463 1310 497 dividit
1326 464 1431 498 Eum.
1446 463 1480 508 8,
1494 463 1529 499 1.

337 514 523 549 Eumenes
538 514 717 549 adversus
732 513 965 559 Antigonum
978 514 1118 548 bellum
1133 514 1230 558 gerit
1254 514 1355 548 Eum.
1372 514 1403 548 7.

336 565 522 600 Eumenes
537 565 584 599 ab
598 564 791 609 Antigono
809 568 940 609 captus
955 568 1112 599 necatur
1134 565 1237 598 Eum.
1254 565 1298 598 10
1312 576 1393 610 sqq.

336 615 549 660 Antigonus
565 615 667 649 cadit
678 615 717 649 in
730 615 875 660 proelio
890 615 938 649 ad
951 615 1079 659 Ipsum
1103 615 1190 658 Κεφ
1205 614 1239 658 3,
1253 614 1287 649 2.

335 666 550 700 Demetrius
563 666 602 699 in
617 665 789 699 custodia
803 664 951 699 Seleuci
965 665 1096 699 morbo
1110 664 1209 709 perit
1231 665 1318 709 Rey,
1335 665 1369 708 3,
1383 665 1416 699 3.

335 716 585 761 Lysimachus
607 714 790 749 occiditur
809 726 830 749 a
850 714 1010 750 Seleuco
1034 715 1123 759 Περ.
1138 714 1171 758 3,
1186 714 1217 749 2.
1248 715 1386 760 Pyrrhi
1405 726 1487 750 cum
1507 716 1642 751 Roma-

380 766 437 800 nis
453 766 593 800 bellum
617 765 704 809 Req.
720 765 753 809 2,
767 765 800 799 2.

336 815 514 850 Seleucus
529 827 550 850 a
563 815 781 850 Ptolemaeo
795 814 1018 850 interficitur
1040 816 1126 859 Regy.
1141 815 1174 856 3,
1187 814 1219 849 4.

333 866 501 911 Pyrrhus
514 865 638 910 Argos
655 876 879 911 oppugnans
893 865 1019 910 lapide
1032 866 1129 900 ictus
1143 866 1241 911 perit
1264 867 1350 911 Req.
1364 866 1398 911 2,
1412 866 1445 900 2.

334 917 483 951 Initium
498 917 588 951 belli
601 916 734 950 Punici
746 916 856 961 primi
879 917 986 952 Ham.
1004 917 1035 958 1,
1050 917 1081 950 1.

333 967 527 1002 Hamilcar
541 967 653 1002 classi
666 966 883 1012 praeficitur
907 968 1013 1001 Ham.
1029 967 1061 1011 1,
1076 967 1108 1001 1.

333 1017 508 1052 Lutatius
528 1017 621 1052 mari
636 1018 784 1052 Poenos
799 1017 915 1052 vincit
928 1017 977 1053 ad
989 1016 1156 1063 Aegates
1177 1017 1320 1053 insulas
1335 1021 1373 1053 et
1386 1016 1516 1053 Sicilia
1536 1018 1643 1053 dccc-

382 1069 469 1103 dere
487 1068 590 1113 cogit
613 1069 719 1102 Ham.
735 1069 766 1112 1,
780 1068 813 1102 3.

333 1118 439 1153 Finis
453 1119 544 1153 belli
558 1119 690 1153 Punici
704 1119 811 1163 primi
830 1119 978 1163 Ham.1,
993 1118 1094 1153 3—5.
1121 1118 1267 1153 Bellum
1278 1118 1642 1164 Carthaginiensium

379 1180 402 1204 a
414 1169 653 1204 mercenariis
667 1170 846 1204 militibus
860 1170 898 1204 in
912 1169 1042 1204 Africa
1054 1173 1195 1203 motum
1215 1170 1320 1203 Ham.
1335 1170 1368 1214 2,
1384 1170 1414 1204 1.

333 1219 526 1255 Hamilcar
538 1221 741 1265 imperator
754 1220 792 1254 in
805 1220 1029 1264 Hispaniam
1042 1220 1199 1253 mittitur
1212 1221 1317 1254 Ham.
1333 1220 1366 1264 3,
1377 1221 1407 1254 1.
1426 1220 1547 1254 Ηαηη.
1562 1220 1595 1265 2,
1609 1220 1641 1254 3.

333 1271 526 1305 Hamilcar
538 1271 576 1305 in
590 1270 734 1315 proelio
750 1271 934 1305 occiditur
948 1271 1057 1316 eique
1071 1270 1109 1303 in
1123 1270 1277 1313 imperio
1292 1270 1511 1305 Hasdrubal
1525 1281 1643 1315 gener

381 1321 549 1356 succedit
567 1322 673 1354 Ham.
687 1321 709 1354 3
723 1324 760 1356 et
770 1320 804 1354 4.
840 1320 1034 1355 Hannibal
1054 1319 1238 1365 equitatui
1257 1325 1410 1364 praeest
1427 1321 1547 1354 Ηαηη.
1561 1320 1595 1364 3,
1613 1321 1642 1355 1.

333 1371 565 1405 Hasdrubali
583 1370 781 1405 interfecto
802 1370 839 1404 in
858 1370 1014 1415 irnperio
1038 1370 1205 1404 succedit
1223 1370 1416 1405 Hannibal
1441 1371 1548 1405 Ham.
1562 1371 1595 1415 3,
1609 1371 1642 1405 3.

378 1422 500 1457 Hann.
516 1421 549 1465 3,
565 1423 596 1456 1.
645 1420 825 1456 Triennio
851 1421 911 1454 vix
936 1421 1085 1466 expleto
1112 1420 1335 1464 Hispaniam
1358 1424 1476 1456 totam
1502 1421 1643 1466 subigit

378 1473 499 1506 Hcmn.
515 1472 548 1515 3,
565 1473 595 1506 7.

332 1522 526 1557 Hannibal
540 1525 732 1568 expugnat
746 1526 783 1558 et
797 1523 898 1557 delet
911 1521 1119 1567 Saguntum
1143 1523 1262 1556 Hann.
1277 1521 1310 1566 3,
1325 1523 1356 1556 2.

331 1573 430 1608 Belli
445 1573 578 1607 Punici
597 1573 752 1608 secundi
771 1572 927 1607 initium.
964 1573 1159 1608 Hannibal
1179 1584 1223 1607 ex
1237 1572 1423 1617 Hispania
1440 1585 1509 1618 per
1520 1571 1640 1618 Alpes

376 1624 414 1658 in
428 1624 575 1658 Italiam
587 1624 722 1658 transit
733 1624 852 1658 Hann.
865 1623 898 1666 3,
912 1623 944 1658 3.
976 1622 1091 1658 Arma
1106 1623 1252 1658 confert
1266 1635 1347 1657 cum
1364 1623 1540 1668 Scipione
1555 1634 1642 1658 con-

378 1676 457 1709 sule
472 1675 520 1709 ad
534 1675 760 1709 Rhodanum
774 1675 892 1708 Hann.
907 1673 939 1716 4,
954 1674 986 1708 1.
1006 1685 1088 1709 011111
1104 1675 1235 1709 eodem
1250 1675 1298 1709 ad
1314 1674 1455 1709 Padum
1468 1674 1502 1719 4,
1512 1674 1542 1708 1.
1558 1685 1642 1708 cum

378 1726 509 1760 eodem
524 1730 561 1760 et
575 1726 723 1770 collega
737 1725 816 1759 eius
831 1726 878 1759 ad
891 1725 1066 1760 Trebiam
1079 1725 1112 1769 4,
1127 1725 1160 1759 2.

332 1776 523 1810 Hannibal
543 1781 689 1820 pugnat
714 1787 796 1810 eum
814 1776 1000 1810 Flaminio
1026 1777 1127 1821 apud
1145 1776 1403 1811 Trasimenum
1426 1776 1547 1810 Hann.
1561 1775 1594 1820 4,
1608 1776 1642 1811 3.

376 1826 535 1860 Fabium
551 1826 771 1860 dictatorem
785 1825 903 1860 cludit
915 1825 948 1870 5,
963 1826 994 1860 1.

333 1878 465 1921 Pugna
481 1875 689 1911 Cannensis
714 1877 835 1910 Ηαηη.
849 1876 883 1921 4,
897 1875 930 1910 4.

333 1926 425 1961 Cato
441 1927 612 1961 tribunus
626 1926 781 1960 militum
809 1927 885 1961 Cat.
902 1927 934 1971 1,
948 1927 980 1960 2.

334 1978 528 2013 Gracchus
543 1977 590 2012 ab
604 1977 820 2011 Hannibale
833 1976 1055 2011 interficitur
1079 1978 1199 2011 Hann.
1214 1978 1247 2021 5,
1261 1978 1293 2012 3.

332 2029 533 2062 Marcellus
549 2028 680 2062 consul
694 2028 741 2062 ab
758 2027 969 2062 Hannibale
992 2028 1173 2062 occiditur
1199 2029 1318 2062 Hann.
1332 2027 1365 2072 5,
1379 2028 1412 2063 3.

332 2079 568 2123 Hasdrubal,
595 2078 710 2113 frater
730 2078 974 2123 Hannibalis,
1002 2079 1142 2113 occidit
1160 2079 1198 2113 111
1217 2079 1361 2124 proelio
1383 2079 1483 2124 apud
1503 2078 1640 2114 Senam

381 2131 455 2163 Cat.
472 2131 502 2172 1,
517 2130 548 2162 2.

332 2181 373 2214 Ρ.
390 2179 514 2225 Scipio
536 2179 738 2214 Africanus
764 2179 882 2214 maior
906 2179 1046 2214 bellum
1066 2180 1246 2214 transfert
1266 2180 1302 2214 in
1323 2179 1490 2215 Africam
1522 2181 1638 2216 Herm.

377 2232 409 2274 6,
425 2232 455 2264 1.
494 2230 584 2265 Cato
600 2231 679 2265 eius
695 2234 872 2275 quaestor
893 2231 968 2264 Cat.
985 2231 1015 2274 1,
1031 2230 1062 2264 3.

332 2282 525 2315 Hannibal
539 2282 586 2316 ad
601 2281 877 2316 defendendam
891 2281 1050 2325 patriam
1064 2281 1101 2315 in
1114 2280 1281 2315 Africam
1295 2287 1493 2316 revocatur
1519 2283 1637 2316 Hann.

379 2334 410 2376 b,
428 2333 458 2366 1.

334 2382 525 2417 Hannibal
541 2394 562 2417 a
578 2382 752 2427 Scipione
767 2383 867 2427 apud
883 2383 1031 2417 Zamam
1049 2386 1246 2427 superatur
1266 2383 1384 2417 Παηη.
1400 2384 1432 2428 6,
1447 2384 1479 2418 3.

333 2433 434 2467 Finis
450 2433 537 2466 belli
552 2433 682 2467 Punici
700 2433 854 2467 secundi
880 2434 1000 2467 Hann.
1017 2434 1095 2477 7,1.

333 2483 522 2517 Hannibal
540 2496 621 2517 cnm
636 2484 797 2528 Magone
812 2484 928 2519 fratre
948 2487 1099 2529 praeest
1117 2484 1295 2519 exercitui
1315 2484 1351 2518 in
1364 2483 1494 2519 Africa
1519 2485 1635 2519 Hann.

378 2535 409 2576 7,
427 2536 455 2567 l.
494 2535 660 2578 Uterque
676 2535 823 2568 domum
838 2539 1036 2569 revocatur
1054 2535 1174 2569 Hann.
1191 2535 1224 2578 7,
1237 2535 1270 2569 4.

334 2586 425 2618 Cato
441 2590 593 2629 praetor
606 2585 728 2620 factus
745 2586 939 2620 Sardiniae
962 2586 1038 2620 Cat.
1055 2586 1086 2629 1,
1100 2586 1132 2620 4.

332 2636 523 2670 Hannibal
537 2636 586 2670 ad
597 2636 839 2680 Antiochum,
855 2636 985 2682 Syriae
999 2648 1137 2682 regem,
1158 2636 1327 2681 profugit
1346 2636 1464 2670 Hamz.
1480 2636 1511 2679 7,
1526 2636 1557 2669 6.

334 2685 382 2719 Μ.
399 2685 491 2720 Cato
507 2690 544 2720 et
558 2686 602 2721 L.
614 2687 776 2722 Flaccus
790 2687 931 2722 Romae
948 2687 1120 2722 consules
1143 2688 1218 2721 Cat.
1233 2688 1265 2732 1,
1280 2688 1311 2722 1.
1330 2687 1363 2731 2,
1379 2687 1409 2721 1.
