1788 3200
274 304 289 332 1

318 205 344 245 8
752 205 997 242 CORNELII
1021 205 1242 243 NEPOTIS

387 287 468 329 ΠΙ.
506 284 646 325 Huius
679 282 898 324 consilium
928 282 1138 338 plerisque
1169 283 1405 325 civitatibus
1437 282 1683 338 displicebat

316 357 356 392 et
379 350 422 390 in
446 355 553 388 terra
571 345 768 387 dimicare
789 345 924 402 magis
948 345 1151 401 placebat.
1189 346 1328 401 itaque
1353 345 1472 387 missi
1497 352 1593 388 sunt
1611 346 1683 388 de-

313 410 408 452 lecti
433 424 528 451 cum
552 408 756 458 Leonida,
782 409 1214 450 Lacedaemoniorum
1238 424 1356 466 rege,
1382 409 1454 463 qui
1478 408 1683 451 Thermo-

313 472 432 528 pylas
458 478 709 526 occuparent
732 471 983 527 longiusque
1013 471 1213 514 barbaros
1237 472 1431 529 progredi
1455 487 1539 513 non
1568 478 1684 527 pate-

312 542 465 577 rentur.
502 533 546 575 hi
563 532 650 575 vim
668 533 849 575 hostium
870 549 954 576 non
973 534 1258 576 sustinuerunt
1276 549 1407 590 eoque
1425 534 1518 577 loco
1537 549 1681 576 omnes

313 597 565 640 interierunt.
603 602 645 637 at
669 596 815 638 classis
841 597 1073 639 communis
1089 596 1291 639 Graeciae
1315 604 1591 639 trecentarum
1610 613 1683 639 nae·

312 661 440 710 vium,
467 660 510 701 in
534 673 617 713 qua
641 659 843 700 ducentae
868 666 985 701 erant
1002 658 1338 711 Atheniensium,
1363 661 1545 716 primum
1570 660 1682 715 apud

311 722 587 765 Artemisium
617 721 723 763 inter
751 720 973 763 Euboeam
1004 722 1367 777 continentemque
1403 729 1555 764 terram
1586 737 1682 764 cum

313 784 535 827 classiariis
571 783 683 840 regis
720 784 915 825 conflixit.
976 784 1192 840 angustias
1230 785 1339 826 enim
1376 784 1681 827 Themistocles

312 847 550 903 quaerebat,
576 862 628 889 ne
649 846 913 888 multitudine
933 847 1230 889 circumiretur.
1267 847 1334 889 hic
1353 848 1431 889 etsi
1454 847 1545 903 pari
1562 862 1683 903 proe-

312 911 367 953 lio
392 910 682 959 discesserant,
708 916 848 951 tamen
873 909 1021 951 eodem
1044 909 1137 952 loco
1161 924 1245 952 non
1265 916 1360 951 sunt
1384 909 1476 951 ausi
1500 924 1680 960 manere,

313 974 426 1028 quod
452 979 538 1015 erat
566 971 816 1028 periculum,
853 986 925 1022 ne,
965 972 1000 1013 si
1030 987 1127 1028 pars
1153 972 1323 1014 navium
1349 972 1681 1014 adversariorum

313 1035 533 1079 Euboeam
565 1041 821 1090 superasset,
854 1034 1023 1090 ancipiti
1052 1041 1337 1090 premerentur
1359 1035 1555 1091 periculo.
1598 1049 1681 1090 quo

313 1099 471 1141 factum
508 1105 589 1147 est,
627 1104 673 1139 ut
702 1097 755 1139 ab
780 1096 1009 1139 Artemisio
1041 1097 1302 1140 discederent
1332 1105 1373 1139 et
1403 1098 1681 1139 exadversum

311 1161 503 1203 Athenas
530 1160 641 1216 apud
668 1158 882 1202 Salamina
907 1160 1085 1202 classem
1112 1175 1232 1202 suam
1257 1161 1564 1202 constituerent.

381 1223 458 1266 IV.
502 1223 563 1265 At
586 1222 755 1265 Xerxes
782 1222 1076 1278 Thermopylis
1109 1223 1357 1279 expugnatis
1388 1223 1576 1279 protinus
1614 1237 1682 1264 ac-

313 1287 438 1329 cessit
469 1293 563 1329 astu
592 1286 718 1340 idque
747 1286 872 1327 nullis
904 1286 1243 1337 defendentibus,
1281 1286 1508 1328 interfectis
1545 1299 1682 1328 sacer-

312 1350 498 1399 dotibus,
536 1364 641 1404 quos
672 1350 716 1390 in
741 1364 834 1391 arce
864 1349 1095 1399 invenerat,
1132 1350 1323 1391 incendio
1353 1350 1517 1391 delevit.
1561 1349 1680 1392 cuius

313 1413 481 1454 flamma
511 1412 714 1468 perterriti
746 1411 948 1453 classiarii
979 1426 1074 1453 cum
1105 1427 1273 1454 manere
1304 1427 1387 1453 non
1417 1412 1617 1454 auderent
1641 1418 1681 1453 et

310 1475 477 1531 plurimi
501 1475 771 1524 hortarentur,
798 1481 844 1516 ut
868 1474 1015 1516 domos
1041 1489 1138 1516 suas
1159 1474 1419 1517 discederent
1443 1473 1681 1516 moenibus-

311 1553 392 1594 que
419 1553 464 1580 se
489 1538 776 1588 defenderent,
803 1537 1109 1579 Themistocles
1142 1553 1250 1579 unus
1275 1538 1423 1580 restitit
1453 1544 1494 1580 et
1517 1538 1681 1580 univer-

313 1616 382 1644 sos
407 1617 528 1657 pares
548 1615 641 1643 esse
660 1615 786 1656 posse
807 1600 955 1651 aiebat,
983 1601 1194 1656 dispersos
1215 1601 1444 1643 testabatur
1460 1601 1678 1657 perituros,

310 1665 434 1719 idque
447 1663 692 1720 Eurybiadi,
719 1663 1265 1720 regiLacedaemoniorum‚
1292 1664 1363 1718 qui
1382 1670 1470 1705 tum
1491 1678 1679 1705 summae

312 1726 474 1782 imperii
498 1733 698 1782 praeerat,
726 1726 815 1768 fore
840 1726 1086 1768 affirmabat.
1126 1741 1251 1781 quem
1277 1741 1371 1769 cum
1396 1727 1533 1768 minus
1554 1740 1679 1780 quam

312 1789 435 1831 vellet
459 1796 662 1840 moveret,
694 1795 819 1831 noctu
844 1789 896 1831 de
927 1789 1058 1831 servis
1091 1790 1178 1831 suis
1204 1804 1328 1844 quem
1358 1789 1503 1830 habuit
1527 1788 1680 1830 fidelis-

313 1852 465 1893 simum
491 1852 544 1893 ad
567 1866 709 1908 regem
734 1851 858 1902 misit,
884 1858 929 1893 ut
955 1852 992 1893 ei
1011 1852 1219 1893 nuntiaret
1245 1852 1332 1892 suis
1357 1851 1508 1902 verbis,
1534 1851 1681 1893 adver-

313 1915 443 1957 sarios
469 1914 557 1957 eius
583 1915 626 1956 in
651 1915 754 1971 fuga
778 1930 889 1958 esse:
916 1915 987 1970 qui
1012 1915 1048 1956 si
1073 1915 1377 1965 discessissent,
1404 1915 1559 1956 maiore
1584 1929 1679 1956 cum

311 1977 450 2020 labore
476 1984 516 2019 et
545 1977 833 2034 longinquiore
864 1984 1048 2033 tempore
1073 1977 1229 2020 bellum
1255 1978 1552 2026 confecturum,
1584 1992 1680 2019 cum

313 2040 499 2096 singulos
519 2041 747 2082 consectari
766 2048 999 2097 cogeretur3
1025 2055 1131 2095 quos
1158 2041 1193 2083 si
1213 2041 1352 2082 statim
1370 2041 1678 2097 aggrederetur,

311 2103 427 2144 brevi
457 2103 673 2145 universos
700 2119 1009 2159 oppressurum.
1047 2103 1127 2145 hoc
1158 2118 1207 2145 eo
1233 2103 1409 2153 valebat,
1436 2109 1481 2144 ut
1505 2103 1678 2158 ingratis

311 2166 365 2208 ad
395 2166 720 2222 depugnandum
753 2181 897 2208 omnes
929 2173 1187 2220 cogerentur.
1231 2166 1309 2207 hac
1338 2180 1382 2207 re
1413 2165 1555 2206 audita
1587 2164 1680 2206 bar-

312 2229 457 2279 barus,
495 2229 597 2270 nihil
633 2229 717 2271 doli
755 2228 928 2271 subesse
959 2229 1151 2278 credens,
1189 2227 1388 2283 postridie
1425 2227 1679 2269 alienissimo

312 2291 391 2333 sibi
421 2291 526 2342 loco,
564 2297 706 2333 contra
736 2291 1089 2346 opportunissimo
1126 2290 1330 2339 hostibus,
1364 2289 1468 2331 adeo
1499 2295 1680 2345 angusto

311 2353 415 2396 mari
452 2353 654 2403 conflixit,
691 2360 736 2395 ut
772 2354 861 2395 eius
899 2353 1119 2395 multitudo
1156 2353 1326 2394 navium
1363 2351 1562 2407 explicari
1597 2366 1680 2393 non

311 2416 502 2472 potuerit.
541 2416 675 2457 victus
702 2431 800 2471 ergo
825 2423 888 2457 est
914 2415 1049 2471 magis
1075 2415 1199 2457 etiam
1220 2414 1393 2457 consilio
1408 2413 1679 2456 Themistocli

311 2494 438 2534 quam
462 2478 587 2521 armis
614 2477 829 2521 Graeciae.

379 2541 433 2583 V.
471 2541 556 2583 Hic
580 2541 659 2583 etsi
684 2542 791 2583 male
816 2556 904 2583 rem
929 2547 1136 2597 gesserat,
1169 2546 1308 2583 tamen
1338 2546 1473 2582 tantas
1499 2537 1677 2581 habebat

311 2604 507 2658 reliquias
545 2603 777 2660 copiarum,
820 2611 865 2646 ut
902 2604 1115 2646 etiamtum
1158 2603 1224 2645 his
1268 2603 1499 2658 opprimere
1536 2608 1678 2656 posset
1729 2648 1731 2651 .

312 2666 466 2708 hostes.
508 2668 657 2708 iterum
688 2667 740 2709 ab
773 2667 918 2709 eodem
943 2667 1077 2722 gradu
1101 2665 1301 2721 depulsus
1327 2672 1402 2706 est.
1445 2679 1540 2704 nam
1567 2663 1678 2704 The-

314 2728 521 2770 mistocles
554 2744 721 2778 verens,
754 2744 804 2771 ne
831 2729 983 2771 bellare
1011 2735 1309 2783 perseveraret,
1343 2727 1555 2768 certiorem
1583 2741 1676 2767 eum
