1741 3184
627 182 944 219 AnclsslADEs.
1404 173 1459 215 25

107 259 254 309 noluit,
287 258 398 313 quod
423 256 642 306 sentiebat,
676 272 719 298 se
745 257 964 299 Alcibiade
996 265 1159 313 recepto
1189 259 1342 300 nullius
1372 273 1461 300 mo-

108 322 234 362 menti
264 321 374 376 apud
404 318 628 360 exercitum
659 319 861 367 futurum,
894 330 951 368 et,
985 321 1019 361 si
1044 321 1143 374 quid
1173 322 1343 363 secundi
1367 335 1461 362 eve-

107 383 254 432 nisset,
285 382 440 422 nullam
470 381 511 420 in
537 394 586 421 ea
614 394 658 421 re
689 395 805 421 suam
838 391 993 434 partem
1025 382 1130 431 fore,
1163 389 1303 424 contra
1328 397 1393 432 ea,
1426 382 1461 423 si

107 445 206 498 quid
225 442 387 484 adversi
406 441 635 489 accidisset,
657 456 700 482 se
720 456 845 482 unum
867 442 954 482 eius
974 442 1111 483 delicti
1130 443 1313 485 futurum
1331 459 1459 485 reum.

108 505 160 546 ab
185 504 263 545 hoc
288 503 505 545 discedens
526 502 766 544 Alcibiades
795 502 1056 555 „Quoniam“
1083 504 1215 557 inquit
1242 506 1460 555 „victoriae

107 566 263 621 patriae
293 580 520 620 repugnas,
558 565 658 605 illud
690 579 855 614 moneo,
892 565 1007 606 iuxta
1036 565 1197 606 hostem
1228 574 1362 608 castra
1390 568 1463 608 ha-

106 628 205 669 beas
230 627 411 668 nautica:
436 626 663 681 periculum
689 635 749 667 est
777 627 903 676 enim,
929 641 981 668 ne
1005 627 1265 669 immodestia
1289 629 1463 669 militum

107 696 337 731 vestrorum
357 688 519 730 occasio
539 689 657 729 detur
676 689 897 743 Lysandro
922 689 1048 730 vestri
1067 689 1324 744 opprimendi
1349 705 1464 732 excr-

109 751 258 792 citus.“
307 764 442 803 neque
472 764 521 791 ea
545 764 610 790 res
636 749 749 790 illum
776 750 932 791 fefellit.
974 766 1070 791 nam
1094 752 1332 806 Lysander,
1370 767 1463 793 cum

107 827 181 867 per
200 811 477 867 speculatores
497 812 777 866 comperisset,
797 812 968 867 vulgum
986 811 1306 854 Atheniensium
1324 813 1366 854 in
1385 819 1464 854 ter-

107 890 195 915 ram
213 874 455 929 praedatum
475 874 610 914 exisse
630 888 838 926 navesque
857 889 987 928 paene
1005 874 1148 915 inanes
1167 875 1342 925 relictas,
1363 881 1464 916 tem-

108 951 186 991 pus
211 936 270 977 rei
299 936 504 992 gerendae
530 951 611 977 non
637 936 790 977 dimisit
814 950 945 990 eoque
975 936 1130 991 impetu
1155 936 1309 978 bellum
1334 944 1463 978 totum

110 998 272 1039 delevit.

176 1059 259 1100 IX.
296 1058 357 1100 At
374 1058 628 1108 Alcibiades,
656 1059 774 1101 victis
793 1058 1119 1101 Atheniensibus
1145 1075 1228 1101 non
1254 1060 1352 1101 satis
1377 1067 1464 1102 tuta

109 1121 253 1161 eadem
282 1120 374 1162 loca
398 1120 477 1161 sibi
507 1120 727 1170 arbitrans,
758 1121 920 1176 penitus
946 1121 989 1161 in
1014 1121 1235 1162 Thraciam
1267 1137 1309 1163 se
1341 1138 1465 1177 supra

107 1181 404 1237 Propontidem
430 1182 598 1232 abdidit,
626 1197 795 1237 sperans
820 1182 878 1224 ibi
902 1182 1095 1224 facillime
1116 1198 1232 1224 suam
1258 1183 1464 1225 fortunam

109 1244 239 1285 occuli
252 1259 388 1298 posse.
403 1244 522 1285 falso.
544 1260 640 1285 nam
653 1244 849 1293 Thraces,
864 1251 1083 1299 postquam
1098 1260 1192 1286 eum
1206 1260 1300 1286 cum
1314 1261 1465 1301 magna

109 1305 283 1359 pecunia
307 1306 469 1346 venisse
495 1312 724 1355 senserunt,
751 1306 920 1347 insidias
947 1306 1150 1356 fecerunt3
1177 1307 1247 1361 qui
1272 1323 1332 1356 ea,
1359 1322 1464 1360 quae

109 1374 360 1421 apportarat,
388 1367 662 1416 abstulerunt,
689 1368 825 1421 ipsum
851 1383 996 1422 capere
1021 1383 1103 1409 non
1128 1375 1360 1423 potuerunt.
1397 1369 1464 1410 illc

110 1443 300 1477 cernens,
332 1428 491 1468 nullum
514 1429 650 1470 locum
677 1429 753 1470 sibi
780 1436 913 1470 tutum
937 1430 978 1470 in
1005 1428 1181 1471 Graecia
1203 1436 1369 1485 propter
1392 1445 1465 1485 po-

110 1490 278 1530 tentiam
286 1490 724 1539 Lacedaemoniorum,
735 1491 786 1531 ad
794 1490 1110 1532 Pharnabazum
1124 1492 1165 1532 in
1173 1491 1319 1533 Asiam
1334 1498 1465 1532 trans-

109 1551 173 1600 iit3
200 1565 322 1604 quem
342 1551 507 1604 quidem
533 1552 636 1597 adeo
658 1567 732 1593 sua
751 1553 858 1606 cepit
877 1553 1141 1603 humanitate,
1167 1560 1212 1593 ut
1232 1568 1325 1594 eum
1344 1568 1464 1594 nemo

110 1613 150 1652 in
181 1612 361 1653 amicitia
391 1614 661 1654 antecederet.
711 1628 888 1667 namque
919 1615 956 1655 ei
989 1613 1193 1669 Grynium
1224 1615 1392 1656 dederat
1422 1615 1464 1655 in

110 1673 295 1728 Phrygia
325 1681 522 1724 castrum,
555 1690 606 1715 ex
637 1690 717 1728 quo
748 1677 1039 1731 quinquagena
1069 1677 1220 1717 talenta
1251 1677 1464 1732 vectigalis

110 1735 308 1789 capiebat.
347 1751 428 1789 qua
446 1736 612 1777 fortuna
629 1737 870 1778 Alcibiades
890 1753 972 1778 non
991 1744 1077 1778 erat
1096 1745 1311 1779 contentus
1331 1753 1464 1791 neque

111 1796 298 1837 Athenas
324 1797 452 1838 victas
472 1798 817 1839 Lacedaemoniis
839 1799 991 1839 servire
1015 1805 1174 1853 poterat
1198 1800 1294 1854 pati.
1326 1799 1464 1853 itaque

109 1858 161 1899 ad
179 1859 350 1913 patriam
370 1859 624 1900 liberandam
651 1860 762 1901 omni
785 1860 994 1902 ferebatur
1011 1861 1270 1916 cogitatione.
1308 1862 1381 1902 sed
1406 1862 1466 1902 vi-

109 1919 249 1969 debat,
281 1920 323 1960 id
355 1920 441 1961 sine
472 1936 569 1976 rege
599 1921 727 1962 Perse
758 1937 841 1963 non
869 1937 992 1977 posse
1022 1923 1128 1972 fieri,
1164 1923 1338 1976 ideoque
1370 1938 1464 1963 eum

109 1982 287 2022 amicum
312 1982 391 2023 sibi
416 1983 607 2038 cupiebat
631 1984 819 2040 adiungi,
850 1999 983 2038 neque
1009 1985 1241 2034 dubitabat,
1273 1985 1393 2026 facile
1420 2000 1463 2025 se

110 2050 443 2094 consecuturum,
477 2046 511 2086 si
536 2046 658 2087 modo
690 2046 777 2087 eius
809 2046 1082 2087 conveniundi
1112 2046 1326 2088 habuisset
1349 2053 1464 2101 potc-

110 2112 269 2146 statcm.
307 2122 402 2147 nam
430 2106 588 2161 Cyrum
619 2108 786 2149 fratrem
817 2109 854 2149 ei
885 2108 1038 2149 bellum
1069 2108 1174 2149 clam
1204 2123 1348 2163 parare
1377 2109 1464 2149 La-

109 2168 384 2209 cedaemoniis
405 2170 694 2211 adiuvantibus
710 2170 883 2212 sciebat:
904 2171 946 2211 id
961 2171 994 2212 si
1009 2171 1248 2225 aperuisset,
1269 2186 1464 2226 magnam

111 2243 155 2268 se
179 2229 375 2270 initurum
399 2231 574 2285 gratiam
599 2231 779 2273 videbat.

175 2289 235 2330 X.
273 2290 368 2331 Hoc
393 2306 487 2332 cum
505 2293 715 2334 moliretur
731 2301 968 2348 peteretque
989 2310 1013 2335 a
1031 2293 1315 2343 Pharnabazo,
1342 2300 1387 2334 ut
1411 2294 1463 2335 ad

112 2365 250 2405 regem
270 2352 507 2402 mitteretur,
535 2354 680 2394 eodem
698 2360 881 2409 tempore
902 2355 1053 2397 Critias
1073 2356 1277 2409 ceterique
1302 2356 1464 2410 tyranni

109 2412 428 2453 Atheniensium
447 2420 579 2454 certos
598 2415 784 2456 homines
805 2417 857 2456 ad
875 2417 1143 2470 Lysandrum
1162 2417 1203 2457 in
1224 2417 1370 2457 Asiam
1389 2417 1464 2456 mi-

110 2480 261 2523 serunt,
288 2474 359 2527 qui
383 2489 477 2515 cum
497 2475 709 2516 certiorem
728 2477 921 2526 facerent,
947 2477 1027 2518 nisi
1045 2476 1306 2518 Alcibiadem
1327 2484 1463 2518 sustu-

109 2535 241 2584 lisset,
274 2536 374 2576 nihil
401 2551 543 2578 earum
570 2552 705 2578 rerum
736 2538 1005 2588 fore'ratum,
1038 2553 1140 2592 quas
1171 2539 1259 2593 ipsc
1285 2538 1461 2579 Athenis

109 2597 405 2638 constituisset:
431 2613 568 2651 quare,
597 2599 631 2639 si
651 2614 745 2640 suas
765 2615 830 2641 res
850 2607 990 2655 gestas
1009 2615 1173 2641 manere
1193 2600 1327 2650 vellet,
1347 2600 1461 2641 illum

109 2666 432 2713 persequeretur.
471 2660 533 2701 his
559 2661 676 2702 Laco
701 2660 823 2703 rebus
850 2669 1077 2703 commotus
1105 2662 1262 2712 statuit,
1295 2677 1460 2703 accura-

1490 1258 1508 1286 ίῦ

1489 1750 1509 1778 4

1490 1874 1509 1903 5

1486 2676 1504 2694 ⁸)

1487 2696 1503 2704 ..ι
