1788 3200
249 409 267 437 10

251 898 272 927 4

264 2005 282 2033 [ὗ

266 2620 284 2647 -1

297 190 350 230 '70
737 190 978 226 CORNELII
997 190 1210 225 NEPOTIS

295 279 380 314 erat
404 271 570 317 missus,
598 269 679 308 iam
703 268 975 308 inveteratam
995 267 1235 307 servitutem
1254 266 1474 321 depelleret
1501 273 1647 307 totam-

294 347 374 386 que
401 330 604 378 Siciliam,
637 329 789 370 multos
821 343 950 369 annos
982 328 1089 369 bello
1113 335 1306 369 vexatam
1331 343 1356 369 a
1379 327 1648 381 barbarisque

294 407 554 447 oppressam,
587 405 662 432 suo
688 391 868 431 adventu
898 390 940 430 in
970 390 1188 444 pristinum
1213 390 1458 431 restitueret.
1504 389 1577 430 sed
1606 389 1650 430 in

294 455 358 495 his
383 453 507 495 rebus
527 468 610 494 non
636 453 812 507 simplici
832 453 996 493 fortuna
1024 451 1281 493 conflictatus
1307 458 1370 492 est
1395 458 1446 500 et,
1472 451 1515 491 id
1539 451 1651 504 quod

295 516 503 557 difficilius
529 521 713 569 putatur,
746 514 875 555 multo
901 513 1127 567 sapientius
1160 513 1252 554 tulit
1277 514 1501 554 secundam
1526 527 1650 566 quam

296 578 513 619 adversam
544 577 765 618 fortunam.
821 590 915 616 nam
949 590 1041 614 cum
1078 575 1205 615 frater
1234 575 1323 615 eius
1355 574 1650 629 Timophanes,

295 640 381 680 dux
406 654 431 680 a
456 637 681 680 Corinthiis
707 637 912 685 delectus,
944 636 1201 690 tyrannidem
1226 650 1301 690 per
1324 636 1473 677 milites
1498 650 1653 676 merce-

294 700 431 741 narios
457 705 701 753 occupasset
726 698 1014 752 particepsque
1039 697 1156 751 regni
1185 705 1327 750 posset
1352 712 1461 747 csse,
1492 705 1653 739 tantum

296 761 400 802 afuit
424 776 449 801 a
473 760 668 801 societate
695 759 874 806 sceleris,
900 764 947 798 ut
971 757 1205 798 antetulerit
1229 757 1382 798 civium
1408 773 1576 800 suorum
1608 759 1655 800 li-

295 822 498 863 bertatem
527 820 664 861 fratris
697 820 819 861 saluti
851 826 891 860 et
921 832 1065 873 parere
1095 818 1258 874 legibus
1291 833 1416 872 quam
1452 820 1654 874 imperare

296 883 453 939 patriae
486 883 614 924 satius
646 882 822 923 duxerit.
866 881 944 921 hac
974 886 1112 921 mente
1141 895 1215 934 per
1250 881 1511 935 haruspicem
1545 896 1657 922 com-

297 959 547 998 munemque
572 944 759 993 affinem,
791 943 857 985 cui
889 957 1004 984 soror
1028 957 1080 983 ex
1105 942 1262 983 eisdem
1291 943 1530 998 parentibus
1560 950 1658 984 nata

298 1014 427 1062 nupta
452 1013 550 1056 erat,
576 1007 744 1047 fratrem
769 1012 990 1060 tyrannum
1010 1004 1341 1045 interficiundum
1362 1005 1532 1046 curavit.
1568 1005 1657 1059 ipse

298 1084 380 1110 non
406 1069 528 1110 modo
554 1084 699 1109 manus
725 1083 809 1109 non
833 1067 980 1116 attulit,
1008 1067 1081 1108 sed
1105 1081 1156 1107 ne
1181 1067 1366 1121 aspicere
1391 1067 1558 1120 quidem
1577 1067 1659 1108 fra-

300 1138 464 1172 ternum
489 1130 733 1185 sanguinem
760 1129 902 1170 voluit.
939 1144 1035 1169 nam
1055 1128 1153 1169 dum
1171 1143 1237 1170 res
1258 1129 1538 1177 conficeretur,
1564 1143 1658 1183 pro-

301 1192 368 1233 cul
396 1193 440 1233 in
468 1192 674 1247 praesidio
705 1192 800 1241 fuit,
831 1205 883 1231 ne
914 1190 1006 1243 quis
1039 1190 1202 1231 satelles
1233 1197 1377 1244 posset
1407 1205 1657 1231 succurrere.

302 1254 381 1295 hoc
405 1253 781 1308 praeclarissimum
802 1252 889 1292 eius
915 1252 1070 1292 factum
1089 1266 1171 1292 non
1189 1252 1278 1306 pari
1298 1252 1421 1292 modo
1439 1252 1658 1306 probatum

304 1321 366 1356 est
391 1314 442 1356 ab
468 1314 673 1356 omnibus.
711 1313 896 1354 nonnulli
921 1313 1032 1353 enim
1054 1312 1210 1353 laesam
1229 1312 1280 1353 ab
1300 1327 1348 1354 eo
1367 1314 1561 1368 pietatem
1584 1329 1661 1368 pu-

304 1375 447 1417 tabant
471 1382 511 1416 et
539 1375 697 1415 invidia
725 1375 892 1415 laude-m
916 1373 1078 1415 virtutis
1110 1373 1364 1415 obterebant.
1408 1381 1540 1415 mater
1562 1389 1661 1415 vero

303 1443 398 1491 post
421 1436 464 1477 id
489 1436 644 1477 factum
676 1451 809 1489 neque
834 1436 1004 1476 domum
1029 1435 1082 1476 ad
1107 1449 1152 1476 se
1175 1435 1306 1476 filium
1337 1436 1504 1477 admisit
1526 1450 1661 1490 neque

306 1498 478 1553 aspexit,
505 1499 605 1552 quin
630 1513 725 1539 eum
751 1497 1004 1538 fratricidam
1033 1497 1289 1552 impiumque
1315 1497 1524 1539 detestans
1550 1512 1663 1539 com-

305 1561 488 1615 pellaret.
520 1560 671 1613 quibus
691 1559 815 1601 rebus
834 1559 902 1600 ille
921 1559 1025 1600 adeo
1045 1565 1108 1601 est
1126 1565 1371 1608 commotus,
1397 1565 1443 1600 ut
1460 1575 1664 1601 nonnum-

306 1638 430 1676 quam
454 1623 564 1664 vitae
588 1622 714 1663 finem
737 1622 875 1663 facere
893 1621 1068 1663 voluerit
1093 1627 1214 1675 atque
1235 1636 1287 1662 ex
1309 1621 1566 1677 ingratorum
1591 1622 1665 1662 ho-

306 1684 463 1725 minum
489 1691 715 1738 conspectu
738 1690 870 1724 morte
894 1683 1106 1724 decedere.

375 1746 433 1786 ΙΙ.
472 1746 642 1786 Interim
666 1745 805 1787 Dione
834 1744 1053 1800 Syracusis
1079 1745 1295 1786 interfecto
1320 1745 1551 1800 Dionysius
1575 1760 1666 1787 rur-

309 1822 379 1847 sus
418 1805 720 1860 Syracusarum
756 1807 911 1861 potitus
948 1812 1030 1856 est3
1067 1807 1184 1848 cuius
1221 1807 1446 1848 adversarii
1481 1821 1603 1861 opem
1640 1822 1664 1847 a

310 1867 535 1909 Corinthiis
556 1868 761 1921 petierunt
780 1869 1022 1921 ducemque,
1048 1882 1129 1921 quo
1149 1868 1191 1908 in
1216 1868 1324 1909 bello
1343 1875 1565 1917 uterentur,
1591 1883 1665 1922 po-

310 1929 525 1970 stularunt.
563 1929 644 1970 huc
669 1929 889 1970 Timoleon
913 1929 1066 1970 missus
1091 1929 1320 1970 incredibili
1346 1930 1540 1970 felicitate
1559 1929 1665 1970 Dio-

309 1992 474 2045 nysium
499 1997 582 2032 tota
598 1990 740 2032 Sicilia
764 1991 933 2044 depulit.
971 2005 1065 2032 cum
1090 1991 1316 2032 interficere
1340 1998 1495 2045 posset,
1520 1991 1664 2040 noluit,

308 2060 478 2106 tutoque
497 2060 542 2093 ut
557 2052 803 2094 Corinthum
823 2053 1067 2107 perveniret,
1093 2053 1241 2102 effecit,
1268 2053 1378 2106 quod
1398 2059 1665 2106 utrorumque

308 2114 611 2168 Dionysiorum
636 2114 783 2169 opibus
812 2114 1016 2156 Corinthii
1042 2129 1165 2169 saepe
1191 2115 1320 2155 adiuti
1345 2115 1521 2164 fuerant,
1548 2115 1664 2155 cuius

309 2175 575 2231 benignitatis
594 2176 835 2217 memoriam
848 2176 1013 2218 volebat
1033 2184 1206 2226 exstare,
1228 2191 1400 2230 eamque
1413 2176 1666 2231 praeclaram

310 2237 523 2278 victoriam
561 2237 756 2286 (lucebat,
794 2238 836 2278 in
873 2252 956 2291 qua
989 2238 1083 2292 plus
1116 2244 1226 2278 esset
1263 2238 1504 2279 clementiae
1541 2253 1666 2292 quam

311 2299 582 2349 crudelitatis3
613 2307 842 2353 postremo,
869 2306 913 2340 ut
939 2314 1022 2340 non
1048 2299 1181 2340 solum
1206 2300 1374 2341 auribus
1400 2301 1666 2354 acciperetur,

312 2360 385 2400 sed
410 2360 534 2401 etiam
559 2361 688 2403 oculis
714 2369 960 2411 cerneretur,
994 2376 1118 2415 quem
1144 2368 1184 2402 et
1208 2376 1259 2402 ex
1284 2368 1438 2415 quanto
1463 2376 1590 2417 regno
1615 2362 1668 2402 ad

311 2437 433 2475 quam
465 2423 673 2465 fortunam
703 2424 930 2466 detulisset.
974 2431 1069 2479 post
1096 2424 1294 2479 Dionysii
1324 2425 1543 2466 decessum
1574 2438 1668 2464 cum

310 2485 462 2526 Hiceta
486 2484 672 2535 bellavit,
704 2487 775 2540 qui
799 2487 1043 2528 adversatus
1075 2493 1161 2528 erat
1185 2486 1410 2541 Dionysio,
1437 2501 1561 2539 quem
1586 2501 1668 2526 non

311 2547 404 2588 odio
423 2548 650 2601 tyrannidis
670 2548 930 2598 dissensisse,
952 2548 1025 2589 sed
1039 2549 1261 2603 cupiditate
1276 2548 1425 2589 indicio
1447 2548 1536 2597 fuit,
1557 2547 1668 2600 quod

310 2608 398 2662 ipse
424 2609 597 2663 expulso
610 2609 818 2664 Dionysio
842 2610 1063 2665 imperium
1088 2610 1292 2651 dimittere
1316 2609 1459 2651 noluit.
1497 2609 1574 2650 hoc
1599 2623 1668 2648 su-

310 2676 452 2722 perato
477 2670 695 2713 Timoleon
725 2672 927 2713 maximas
954 2672 1092 2726 copias
1121 2671 1526 2726 Carthaginiensium
1557 2669 1665 2724 apud
