1741 3184
486 213 530 246 Τ.
550 210 839 247 POMPONIUS
859 209 1083 246 ATTICUS.
1406 200 1459 241 93

180 289 306 331 XVI.
344 286 626 329 Humanitatis
647 300 742 326 vero
768 286 924 326 nullum
949 285 1095 326 afferre
1119 284 1251 325 maius
1277 284 1460 325 testimo-

113 351 229 391 nium
264 364 452 404 possum,
489 361 613 400 quam
649 346 760 398 quod
790 347 1027 386 adolescens
1057 346 1167 386 idem
1198 345 1285 386 seni
1318 343 1458 387 Sullae

113 412 238 453 suerit
274 408 614 455 iucundissimus,
653 421 779 447 senex
816 406 1065 447 adolescenti
1088 406 1150 446 M.
1175 406 1326 456 Bruto,
1365 421 1460 447 cum

114 472 354 525 aequalibus
380 477 517 511 autem
543 468 640 517 suis,
669 466 721 520 Q.
747 466 972 508 Hortensio
998 473 1038 507 et
1060 467 1122 507 M.
1151 466 1368 517 Cicerone,
1401 468 1460 509 sic

115 533 273 581 vixerit,
300 538 343 572 ut
362 530 543 572 iudicare
563 529 730 569 difficile
750 529 813 577 sit,
840 528 905 568 cui
925 528 1046 568 aetati
1065 527 1187 568 fuerit
1206 528 1458 581 aptissimus.

115 608 365 647 quamquam
391 607 485 634 eum
509 592 728 646 praecipue
747 590 888 631 dilexit
905 589 1064 639 Cicero,
1090 595 1135 629 ut
1157 604 1209 630 ne
1227 589 1352 630 frater
1370 591 1459 643 qui-

114 656 209 696 dem
233 655 270 696 ei
296 654 477 707 Quintus
509 653 640 694 carior
669 652 792 693 fuerit
816 658 886 692 aut
916 651 1166 692 familiarior.
1210 651 1247 691 ei
1275 651 1335 691 rei
1365 658 1461 692 sunt
1487 664 1505 692 3

114 716 265 757 indicio
283 722 444 770 praeter
456 730 526 756 eos
546 714 684 762 libros,
711 713 752 753 in
772 712 921 766 quibus
942 713 992 753 de
1013 726 1060 753 eo
1081 712 1179 753 facit
1197 712 1460 761 mentionem,

115 778 186 830 qui
215 777 258 817 in
283 777 435 832 vulgus
467 782 562 817 sunt
592 775 706 824 editi,
738 774 929 815 undecim
958 773 1167 814 volumina
1197 772 1461 827 epistolarum

116 839 167 880 ab
193 838 409 880 consulatu
433 837 520 878 eius
546 851 676 889 usque
701 836 753 876 ad
772 842 999 876 extremum
1024 840 1185 888 tempus
1208 835 1259 874 ad
1272 833 1461 875 Atticum

116 900 354 949 missarum3
380 913 485 952 quae
504 899 573 952 qui
591 898 713 953 legat,
735 912 818 938 non
835 897 1009 938 multum
1029 896 1231 936 desideret
1249 895 1462 936 historiam

117 968 350 1002 contextam
379 961 542 1003 illorum
573 966 815 1014 temporum.
860 959 918 999 sic
944 959 1052 999 enim
1077 958 1214 999 onmia
1238 958 1288 998 de
1315 958 1459 998 studiis

116 1023 365 1077 principum,
402 1022 510 1062 vitiis
541 1022 711 1069 ducum,
744 1019 1036 1060 mutationibus
1066 1019 1125 1059 rei
1153 1018 1342 1072 publicae
1372 1033 1463 1072 pcr-

118 1085 269 1138 scripta
294 1090 407 1133 sunt,
439 1090 484 1124 ut
507 1082 609 1122 nihil
633 1082 675 1122 in
699 1082 763 1122 his
789 1096 871 1121 non
895 1086 1090 1135 appareat
1115 1086 1155 1120 et
1179 1080 1298 1120 facile
1324 1080 1463 1120 existi-

117 1146 219 1186 mari
243 1145 391 1200 possit,
422 1144 683 1199 prudentiam
709 1142 1012 1196 quodammodo
1038 1155 1129 1182 esse
1154 1141 1461 1182 divinationem.

117 1221 201 1247 non
225 1206 334 1247 enim
361 1205 507 1247 Cicero
533 1219 582 1246 ea
607 1204 757 1253 solum,
790 1217 895 1257 quae
920 1203 1015 1244 vivo
1046 1217 1090 1244 se
1115 1203 1367 1252 acciderunt,
1399 1202 1464 1242 fu-

118 1274 209 1309 tura
231 1268 453 1323 praedixit,
486 1267 559 1308 sed
583 1266 706 1308 etiam
731 1279 836 1319 quae
861 1279 970 1306 nunc
994 1279 1073 1306 usu
1097 1264 1285 1314 veniunt,
1319 1264 1464 1305 cecinit

117 1335 163 1370 ut
187 1335 314 1370 vates.

183 1391 332 1432 XVII.
369 1391 438 1432 De
462 1391 612 1445 pietate
638 1395 775 1431 autem
793 1388 923 1430 Attici
947 1388 1046 1442 quid
1075 1388 1192 1442 plura
1217 1401 1464 1428 commemo-

117 1452 228 1493 rem?
259 1467 352 1493 cum
376 1453 455 1494 hoc
484 1452 621 1507 ipsum
647 1465 740 1492 vere
764 1451 1006 1506 gloriantem
1032 1449 1230 1490 audierim
1253 1449 1294 1489 in
1319 1448 1463 1489 funere

118 1514 259 1554 matris
286 1528 403 1563 suae,
431 1528 555 1567 quam
580 1513 725 1554 extulit
749 1526 949 1553 annorum
975 1511 1210 1566 nonaginta,
1237 1525 1329 1551 cum
1355 1516 1464 1551 esset

119 1581 277 1629 septem
302 1582 342 1616 et
367 1576 599 1630 sexaginta,
633 1589 676 1616 se
701 1588 924 1627 numquam
950 1587 1044 1614 cum
1073 1578 1201 1613 matre
1225 1572 1267 1612 in
1290 1572 1464 1626 gratiam

116 1636 291 1686 redisse,
323 1651 548 1689 numquam
573 1651 667 1677 cum
692 1650 829 1677 sorore
859 1635 988 1675 fuisse
1018 1634 1061 1674 in
1086 1633 1308 1682 simultate,
1340 1647 1464 1685 quam

116 1712 244 1752 prope
276 1698 491 1751 aequalem
521 1697 711 1739 habebat.
760 1696 870 1750 quod
901 1702 963 1736 est
993 1696 1174 1750 signum,
1207 1700 1277 1735 aut
1308 1694 1463 1734 nullam

119 1773 315 1812 umquam
340 1759 445 1800 inter
463 1773 533 1800 eos
553 1758 849 1812 querimoniam
874 1756 1168 1804 intercessisse,
1196 1761 1265 1796 aut
1288 1755 1397 1795 hunc
1416 1769 1465 1794 ea

117 1820 246 1861 fuisse
271 1820 314 1860 in
339 1835 436 1861 suos
461 1820 727 1875 indulgentia,
753 1825 810 1868 ut,
837 1832 940 1872 quos
967 1832 1102 1858 amare
1127 1817 1310 1865 deberet,
1344 1815 1464 1856 irasci

118 1881 176 1922 eis
195 1881 311 1923 nefas
331 1882 510 1923 duceret.
548 1896 681 1934 neque
701 1881 743 1921 id
761 1880 859 1921 fecit
878 1885 1022 1920 natura
1043 1879 1188 1926 solum,
1214 1892 1463 1931 quamquam

117 1957 258 1984 omnes
279 1943 322 2002 ei·
332 1958 537 1998 paremus,
559 1944 632 1984 sed
651 1943 773 1984 etiam
793 1942 988 1983 doctrina.
1025 1956 1120 1981 nam
1136 1938 1213 1995 [et]
1234 1939 1464 1993 principum

117 2005 454 2060 philosophorum
489 2005 546 2046 ita
575 2010 768 2059 percepta
803 2003 946 2044 habuit
974 2008 1208 2057 praecepta,
1245 2007 1290 2040 ut
1319 2001 1382 2041 his
1413 2000 1466 2040 ad

118 2067 245 2107 vitam
270 2067 486 2122 agendam,
513 2082 595 2108 non
620 2067 672 2107 ad
698 2065 1012 2107 ostentationem
1035 2069 1227 2104 uteretm:

184 2129 356 2171 XVIII.
398 2129 532 2171 Moris
564 2130 686 2170 etiam
723 2129 924 2170 maiorum
955 2141 1139 2168 summus
1175 2126 1353 2166 imitator
1388 2124 1466 2164 fuit

119 2191 452 2245 antiquitatisque
483 2197 656 2240 amator,
689 2205 814 2244 quam
845 2190 947 2231 adeo
979 2188 1196 2242 diligenter
1224 2186 1368 2227 habuit
1399 2200 1466 2226 co-

119 2252 287 2306 gnitam,
312 2258 357 2293 ut
377 2267 467 2293 eam
492 2259 619 2293 totam
644 2253 685 2292 in
711 2266 758 2292 eo
778 2251 985 2292 volumine
1005 2248 1251 2304 exposuerit,
1279 2262 1359 2300 quo
1378 2262 1464 2287 ma-

119 2314 314 2368 gistratus
340 2314 509 2354 ornavit.
553 2314 665 2354 nulla
689 2313 797 2354 enim
827 2313 912 2360 lex,
944 2326 1076 2365 neque
1100 2326 1193 2365 pax,
1220 2324 1352 2362 neque
1378 2308 1463 2349 bel-

119 2375 223 2424 lum,
254 2389 385 2428 neque
411 2390 475 2416 res
506 2374 675 2415 illustris
701 2380 763 2414 cst
787 2374 927 2428 populi
951 2373 1145 2420 Romani,
1178 2386 1281 2425 quac
1311 2385 1394 2411 non
1423 2371 1466 2410 in

121 2451 168 2477 eo
195 2452 269 2477 suo
295 2442 477 2491 tempore
504 2436 555 2477 sit
580 2441 736 2484 notata3
762 2442 819 2484 et,
846 2435 956 2487 quod
980 2433 1265 2474 difficillimum
1290 2432 1379 2479 fuit,
1408 2432 1465 2472 sic

121 2498 367 2538 familiarum
385 2498 584 2552 originem
610 2496 831 2544 subtexuit,
859 2502 902 2535 ut
927 2509 977 2535 ex
997 2509 1045 2535 eo
1066 2495 1266 2534 clarorum
1285 2493 1464 2532 virorum

120 2560 366 2614 propagines
397 2559 605 2613 pos-simus
632 2571 892 2612 cognoscere.
938 2556 1035 2596 fecit
1059 2555 1136 2595 hoc
1166 2555 1276 2594 idem
1302 2568 1465 2607 separa-

122 2621 194 2661 tim
218 2621 260 2660 in
285 2621 374 2661 aliis
399 2619 544 2669 libris,
560 2625 605 2659 ut
628 2618 690 2659 M.
716 2618 837 2658 Bruti·
860 2624 1006 2672 rogatu
1032 2616 1194 2656 Iuniam
1218 2614 1416 2655 familiam
1442 2629 1466 2654 a

120 2682 244 2736 stirpe
265 2682 317 2723 ad
342 2681 447 2723 hanc
473 2687 647 2743 aetatem
667 2680 806 2722 ordine
828 2677 1136 2726 cmuneraverit,
1164 2682 1322 2724 notans,
1348 2675 1418 2729 qui
1443 2690 1467 2716 a

1487 297 1501 325 1

1484 603 1502 632 ιθ

1489 1708 1506 1736 2

1489 1892 1508 1920 3

1492 2136 1506 2164 1

1490 2321 1508 2349 2

1491 2566 1509 2593 3
