1788 3200
308 213 362 253 90
744 213 985 249 CORNELII
1004 211 1134 248 NEPO
1140 211 1219 247 TIS

309 295 470 341 salutis,
504 291 576 332 scd
608 289 876 338 coniunctim,
909 294 954 329 ut
983 294 1215 343 appareret,
1247 288 1403 329 nullam
1434 289 1661 331 seiunctam

265 374 282 402 (3
310 356 388 397 sibi
413 353 464 395 ab
491 367 539 394 eo
564 351 670 393 velle
700 350 921 393 fortunam.
965 351 1077 404 quod
1102 350 1138 391 si
1161 349 1412 406 gubernator
1440 351 1662 406 praecipua

258 2480 276 2507 ῑῦ

305 416 427 458 laude
452 415 593 464 fertur,
619 414 691 467 qui
714 428 862 454 navem
887 427 939 454 ex
962 412 1097 453 hieme
1122 412 1306 466 marique
1332 412 1552 467 scopuloso
1578 427 1662 454 ser-

306 484 387 528 vat,
415 493 487 519 cur
510 492 591 518 non
618 476 838 531 singularis
864 475 952 516 eius
979 475 1235 516 existimetur
1257 475 1488 530 prudentia,
1514 475 1585 529 qui
1610 489 1661 516 ex

306 547 366 583 tot
395 546 561 593 tamque
591 537 788 594 gravibus
820 537 1011 592 procellis
1037 535 1227 577 civilibus
1253 536 1307 578 ad
1336 536 1661 578 incolumitatem

306 601 515 659 pervenit?

373 664 457 706 XI.
503 662 666 716 Quibus
698 676 751 703 ex
781 661 901 702 malis
932 666 977 701 ut
1008 674 1052 701 se
1082 660 1268 709 emersit,
1305 660 1407 701 nihil
1436 661 1549 702 aliud
1578 660 1662 716 egit

307 742 431 781 quam
450 731 496 765 ut
513 724 714 779 plurimiS,
741 722 892 776 quibus
911 721 1035 764 rebus
1059 728 1214 776 posset,
1240 728 1351 763 esset
1369 722 1534 764 auxilio.
1567 737 1661 763 cum

306 788 559 843 proscriptos
606 785 801 840 praemiis
848 784 1142 839 imperatorum
1190 783 1341 839 vulgus
1389 785 1660 838 conquireret,

306 865 428 891 nemo
459 849 503 890 in
526 847 704 902 Epirum
728 846 858 896 venit,
885 846 951 887 cui
975 860 1041 887 res
1065 845 1151 887 ulla
1175 845 1370 896 defuerit3
1401 846 1556 887 nemini
1580 861 1663 887 non

305 912 362 954 ibi
392 916 591 966 perpetuo
621 908 815 950 manendi
844 914 1028 963 potestas
1059 907 1170 949 facta
1201 913 1282 949 est:
1319 908 1391 962 qui
1416 908 1540 949 etiam
1569 915 1663 963 post

304 973 507 1029 proelium
530 971 801 1026 Philippense
831 970 1123 1025 interitumque
1150 969 1199 1012 C.
1228 969 1367 1012 Cassii
1391 977 1431 1012 et
1454 970 1517 1012 M.
1543 970 1663 1011 Bruti

304 1037 359 1077 L.
384 1035 539 1077 Iulium
562 1033 776 1075 Mocillam
799 1033 1050 1088 praetorium
1082 1039 1123 1074 et
1151 1032 1283 1074 filium
1313 1033 1401 1074 eius
1420 1031 1663 1086 Aulumque

307 1098 564 1152 Torquatum
595 1102 834 1149 ceterosque
864 1095 954 1150 pari
990 1095 1156 1137 fortuna
1197 1095 1411 1150 perculsos
1442 1095 1665 1136 instituerit

306 1160 410 1202 tueri
434 1167 557 1214 atque
583 1174 633 1200 ex
658 1157 788 1213 Epiro
819 1157 883 1198 his
909 1157 1047 1199 omnia
1074 1156 1402 1200 Samothraciam
1430 1157 1663 1212 supportari

305 1222 483 1264 iusserit.
531 1220 700 1262 difficile
736 1227 799 1261 est
829 1219 967 1261 omnia
1000 1219 1194 1275 persequi
1224 1225 1265 1260 et
1299 1234 1382 1260 non
1416 1219 1662 1260 necessaria.

306 1285 408 1326 illud
442 1299 573 1324 unum
608 1282 782 1337 intelligi
811 1282 1023 1331 volumus,
1061 1281 1170 1323 illius
1205 1281 1493 1323 liberalitatem
1528 1295 1663 1335 nequo

307 1345 598 1400 temporariam
628 1358 763 1397 neque
794 1343 985 1384 callidam
1010 1343 1154 1383 fuisse.
1196 1343 1239 1383 id
1264 1357 1316 1384 ex
1339 1343 1442 1397 ipsis
1466 1342 1590 1384 rebus
1616 1358 1664 1384 ac

307 1406 561 1462 temporibus
592 1404 765 1446 iudicari
788 1411 948 1460 potest,
981 1405 1093 1459 quod
1118 1419 1202 1446 non
1231 1399 1471 1446 florentibus
1498 1419 1541 1445 se
1566 1420 1665 1445 ven-

305 1470 469 1519 ditavit,
503 1469 577 1510 sed
601 1468 765 1510 afflictis
798 1482 961 1523 semper
985 1467 1204 1517 succurrit3
1236 1467 1307 1521 qui
1332 1467 1498 1521 quidem
1526 1466 1665 1509 Servi-

304 1532 421 1582 liam,
446 1531 568 1573 Bruti
593 1537 785 1580 matrem,
816 1544 901 1571 non
930 1529 1067 1571 minus
1097 1536 1192 1585 post
1221 1536 1395 1571 mortem
1426 1530 1514 1571 eius
1539 1544 1664 1583 quam

306 1594 475 1635 florente
506 1593 690 1635 coluerit.
735 1592 794 1634 sic
829 1591 1074 1634 liberalitate
1110 1598 1230 1633 utens
1262 1592 1397 1633 nullas
1428 1591 1662 1633 inimicitias

305 1657 453 1712 gessit,
491 1656 603 1710 quod
627 1669 761 1709 neque
786 1654 977 1697 laedebat
1001 1669 1272 1709 quemquam,
1303 1669 1450 1709 neque,
1479 1654 1513 1696 si
1538 1669 1663 1708 quam

304 1719 496 1759 iniuriam
532 1724 765 1772 acceperat,
803 1732 886 1759 non
915 1716 1096 1758 malebat
1125 1716 1315 1758 oblivisci
1345 1731 1470 1770 quam
1507 1717 1661 1758 ulcisci.

303 1781 414 1821 idem
432 1780 654 1821 immortali
667 1780 866 1821 memoria
883 1785 1078 1834 percepta
1090 1778 1292 1820 retinebat
1310 1778 1530 1829 beneficia3
1557 1793 1663 1832 quac

305 1849 444 1884 autem
468 1842 558 1897 ipse
583 1841 798 1891 tribuerat,
825 1848 909 1882 tam
933 1842 1004 1882 diu
1029 1841 1289 1891 meminerat,
1316 1842 1454 1895 quoad
1477 1842 1545 1882 ille
1569 1857 1663 1896 gra-

306 1912 372 1946 tus
405 1911 508 1955 erat,
540 1905 610 1958 qui
642 1910 868 1959 acceperat.
913 1904 1052 1957 itaque
1077 1903 1144 1944 hic
1169 1903 1285 1953 fecit,
1317 1910 1363 1944 ut
1387 1918 1483 1944 vere
1508 1903 1663 1944 dictum

305 1968 510 2009 videatur:
547 1968 611 2008 sui
646 1968 790 2022 quique
826 1981 952 2007 mores
976 1966 1144 2022 fingunt
1170 1966 1384 2022 fortunam
1422 1966 1661 2006 hominibus.

304 2045 439 2084 neque
464 2036 603 2070 tamen
627 2029 741 2084 prius
766 2028 834 2070 ille
863 2027 1070 2069 fortunam
1096 2042 1221 2082 quam
1247 2042 1291 2069 se
1316 2028 1405 2082 ipse
1430 2028 1566 2078 finxit,
1592 2027 1662 2082 qui

305 2092 427 2141 cavit,
454 2106 505 2132 ne
530 2106 612 2145 qua
635 2091 678 2132 in
702 2106 745 2132 rc
772 2091 859 2132 iure
883 2090 1140 2145 plecteretur.

372 2154 479 2195 XII.
517 2154 599 2195 His
618 2154 743 2209 igitur
761 2153 885 2195 rebus
905 2153 1054 2203 effecit,
1081 2159 1126 2194 ut
1138 2153 1200 2194 M.
1215 2153 1443 2208 Vipsanius
1458 2153 1661 2209 Agrippa,

304 2217 447 2258 intima
477 2217 754 2258 familiaritate
786 2216 1030 2257 coniunctus
1063 2216 1317 2257 adolescenti
1344 2215 1535 2266 Caesari,
1568 2230 1663 2257 cum

303 2285 470 2333 propter
502 2293 620 2319 suam
651 2278 827 2333 gratiam
852 2284 892 2319 ct
918 2277 1111 2319 Caesaris
1138 2278 1364 2332 potentiam
1388 2277 1541 2318 nullius
1567 2291 1660 2318 con-

303 2340 468 2382 ditionis
489 2356 573 2382 non
597 2340 767 2381 haberet
790 2346 1050 2395 potestatem,
1075 2340 1339 2395 potissimum
1358 2339 1446 2380 eius
1467 2338 1664 2394 deligeret

303 2403 548 2445 affinitatem
577 2408 919 2458 praeoptaretque
950 2403 1099 2457 equitis
1124 2402 1304 2444 Romani
1335 2402 1461 2443 filiam
1491 2416 1664 2457 genero-

304 2481 443 2506 sarum
477 2466 644 2520 nuptiis.
698 2472 821 2519 atque
856 2465 1004 2506 harum
1040 2465 1277 2520 nuptiarum
1312 2464 1551 2506 conciliator
1585 2464 1662 2505 fuit

303 2527 404 2580 (non
435 2534 498 2569 est
529 2528 638 2568 enim
670 2527 907 2581 celandum)
938 2527 1000 2568 M.
1026 2526 1256 2577 Antonius,
1287 2527 1476 2568 triumvir
1497 2525 1557 2568 rei
1586 2540 1663 2580 pu-

302 2589 446 2639 blicae,
473 2590 589 2631 cuius
614 2590 747 2645 gratia
771 2604 866 2631 cum
891 2604 1043 2645 augere
1073 2589 1359 2645 possessiones
1384 2596 1524 2644 posset
1550 2603 1659 2636 suas,

303 2658 462 2692 tantum
487 2652 591 2692 afuit
615 2668 640 2693 a
664 2652 885 2707 cupiditate
909 2653 1122 2707 pecuniae,
1148 2660 1192 2693 ut
1217 2651 1330 2693 nulla
1354 2653 1396 2692 in
1419 2666 1462 2692 re
1482 2664 1581 2691 usus
1608 2649 1660 2689 sit

304 2727 353 2752 ca
378 2714 454 2754 nisi
483 2714 522 2753 in
548 2714 819 2767 deprecandis
845 2714 1071 2757 amicorum
1098 2722 1165 2755 aut
1192 2713 1384 2769 periculis
1411 2721 1478 2754 aut
1504 2712 1676 2756 incom-,
