1788 3200
250 497 268 526 Ιῦ

256 1853 274 1882 10

294 218 347 258 52
729 217 971 254 CORNELII
998 217 1214 253 NEPOTIS

295 312 486 340 caussam
516 296 559 336 in
585 309 629 336 se
654 294 923 336 transferrent
954 307 1110 347 suaque
1142 308 1266 348 opera
1296 292 1451 333 factum
1485 298 1649 333 conten-

294 362 448 407 derent,
474 364 519 398 ut
536 357 620 413 legi
638 372 721 398 non
740 355 964 398 obedirent.
1002 369 1085 409 qua
1103 355 1342 396 defensione
1363 355 1442 395 illis
1468 354 1650 409 periculo

293 420 474 462 liberatis
500 435 620 461 nemo
634 419 969 475 Epaminondam
994 433 1290 472 responsmum
1315 417 1498 473 putabat,
1525 417 1650 471 quod,

295 483 394 537 quid
419 482 590 531 diceret,
615 496 699 523 non
723 481 904 522 haberet.
943 486 984 521 at
1008 479 1075 520 ille
1100 480 1143 520 in
1167 480 1364 520 iudicium
1389 480 1518 528 venit,
1550 479 1652 519 nihil

295 560 436 586 corum
461 544 640 599 negavit,
667 559 772 597 quac
793 543 1019 584 adversarii
1038 542 1198 583 crimini
1223 542 1388 591 dabant,
1417 542 1650 595 omniaque,

295 622 401 661 quae
438 607 622 662 collegae
663 607 868 654 dixerant,
907 605 1123 645 confessus
1155 611 1235 653 est,
1278 618 1412 657 neque
1447 604 1653 644 recusavit

294 684 377 722 quo
403 669 538 709 minus
563 668 669 723 legis
695 682 870 722 poenam
893 666 1060 715 subiret,
1088 666 1163 706 sed
1181 680 1310 706 unum
1331 666 1381 706 ab
1402 666 1465 706 his
1492 666 1648 720 petivit,

294 739 340 772 ut
358 732 400 771 in
419 730 601 785 periculo
622 745 697 770 suo
717 729 1004 770 inscriberent:
1038 727 1376 782 „Epaminondas
1396 743 1421 768 a
1439 727 1650 768 Thebanis

294 800 424 832 morte
444 791 641 831 multatus
657 798 731 840 est,
758 790 869 843 quod
890 805 960 830 eos
981 789 1115 843 co‘cgit
1134 789 1245 843 apud
1258 789 1440 829 Leuctra
1460 804 1652 842 superare

294 852 667 901 Lacedaemonios,
694 866 798 905 quos
831 859 924 892 ante
957 865 1000 891 se
1026 851 1315 905 imperatorem
1340 865 1461 891 nemo
1476 850 1654 892 Boeoto-

295 931 385 956 rum
411 930 537 955 ausus
564 914 642 954 fuit
666 914 849 969 aspicere
874 914 917 954 in
941 913 1041 962 acie,
1068 913 1261 966 quodque
1286 928 1367 954 uno
1392 913 1547 967 proelio
1572 928 1654 953 non

297 977 429 1017 solum
462 976 630 1018 Thebas
662 976 714 1018 ab
745 976 911 1017 interitu
940 975 1127 1024 retraxit,
1161 975 1234 1016 sed
1265 975 1388 1016 etiam
1418 975 1654 1016 universam

299 1037 519 1079 Graeciam
544 1039 587 1079 in
610 1038 841 1079 libertatem
866 1037 1108 1086 vindicavit,
1141 1051 1272 1090 eoque
1296 1051 1362 1077 res
1388 1044 1654 1090 utrorumque

296 1100 499 1155 perduxit,
527 1107 572 1140 ut
586 1100 775 1140 Thebani
791 1098 985 1154 Spartam
1010 1106 1308 1154 oppugnarent,
1330 1099 1656 1140 Lacedaemonii

298 1163 397 1203 satis
423 1161 638 1211 haberent,
671 1162 706 1202 si
738 1161 842 1202 salvi
867 1176 958 1202 esse
983 1168 1171 1215 possent,
1204 1175 1338 1214 neque
1362 1161 1476 1215 prius
1503 1160 1654 1201 bellare

297 1224 470 1273 destitit,
503 1238 628 1277 quam
654 1223 851 1264 Messene
881 1223 1069 1264 restituta
1092 1222 1239 1264 urbem
1265 1237 1407 1263 eorum
1438 1222 1653 1264 obsidione

299 1286 485 1326 clausit.“
524 1286 625 1326 haec
651 1300 745 1326 cum
770 1285 956 1334 dixisset,
988 1285 1095 1325 risus
1121 1285 1306 1326 omnium
1332 1299 1426 1325 cum
1450 1284 1653 1325 hilaritate

299 1355 462 1389 coortus
488 1355 568 1396 est,
599 1362 733 1400 neque
758 1347 978 1400 quisquam
1003 1347 1130 1387 iudex
1154 1362 1281 1387 ausus
1308 1354 1371 1386 est
1401 1346 1451 1386 de
1477 1360 1524 1386 eo
1549 1346 1655 1386 ferre

299 1408 556 1463 suffragium.
601 1408 661 1449 sie
686 1424 710 1449 a
733 1408 886 1449 iudicio
918 1408 1063 1462 capitis
1090 1408 1271 1448 maxima
1295 1407 1487 1448 discessit
1511 1407 1654 1462 gloria.

365 1470 449 1511 IX.
487 1469 571 1511 Hic
596 1477 780 1511 extremo
805 1478 988 1525 tempore
1014 1470 1236 1524 imperator
1260 1470 1371 1524 apud
1395 1469 1654 1510 Mantineam

299 1547 393 1573 cum
425 1532 512 1573 acie
542 1532 743 1574 instructa
778 1533 975 1573 audacius
1012 1532 1183 1573 instaret
1212 1532 1372 1581 hostes,
1411 1532 1600 1587 cognitus
1632 1547 1656 1571 a

298 1594 658 1644 Lacedaemoniis,
685 1595 796 1648 quod
821 1594 864 1635 in
888 1594 1010 1635 unius
1035 1594 1215 1649 pernicie
1241 1594 1328 1635 eius
1353 1594 1509 1648 patriae
1536 1593 1657 1634 sitam

298 1655 499 1711 putabant
525 1656 712 1706 salutem,
738 1657 921 1697 universi
946 1657 989 1697 in
1007 1672 1136 1697 unum
1157 1656 1358 1711 impetum
1377 1656 1563 1697 fecerunt
1587 1670 1658 1696 nc-

299 1732 379 1771 que
403 1718 517 1773 prius
544 1718 847 1768 abscesserunt,
874 1733 999 1771 quam
1026 1734 1178 1773 magna
1203 1719 1329 1759 caede
1354 1718 1576 1771 multisque
1591 1732 1653 1758 oc·

301 1779 397 1820 cisis
434 1779 659 1820 fortissime
688 1780 825 1834 ipsum
850 1780 1185 1834 Epaminondam
1216 1786 1490 1835 pugnantem,
1537 1795 1657 1835 sparo

301 1841 460 1882 eminus
485 1856 747 1896 percussum,
775 1842 990 1883 concidere
1015 1842 1217 1883 viderunt.
1254 1842 1376 1883 huius
1407 1857 1555 1883 caussa
1586 1842 1659 1882 ali-

300 1910 499 1957 quantum
524 1904 718 1945 retardati
744 1911 839 1945 sunt
862 1904 1029 1953 Boeoti,
1056 1918 1189 1957 neque
1215 1911 1353 1945 tamen
1377 1904 1491 1959 prius
1517 1919 1657 1959 pugna

301 1973 586 2014 excesserunt,
624 1980 748 2019 quam
784 1972 1063 2022 repugnantes
1093 1966 1376 2021 profligarunt.
1419 1973 1460 2006 at
1485 1966 1656 2020 Epami-

300 2027 458 2069 nondas
489 2042 584 2068 cum
615 2027 975 2078 animadverteret,
1008 2028 1264 2069 mortiferum
1296 2043 1339 2069 se
1368 2028 1515 2069 vulnus
1542 2042 1657 2068 accc-

300 2089 430 2143 pisse,
458 2089 680 2143 simulque,
709 2090 743 2130 si
767 2090 934 2139 ferrum,
962 2090 1072 2144 quod
1098 2105 1148 2131 ex
1172 2089 1311 2130 hastili
1335 2090 1377 2130 in
1403 2104 1571 2144 corpore
1596 2104 1659 2130 re-

301 2157 526 2200 manserat,
559 2152 824 2201 extraxisset,
857 2152 1037 2193 animam
1064 2152 1201 2192 statim
1228 2152 1494 2200 emissurum,
1526 2166 1657 2204 usquc

302 2227 350 2254 eo
380 2212 563 2262 retinuit,
601 2214 737 2266 quoad
768 2214 1043 2254 renuntiatum
1077 2221 1156 2263 cst,
1195 2214 1345 2255 vicisse
1376 2214 1573 2254 Boeotos.
1616 2213 1659 2253 id

301 2281 521 2329 postquam
547 2275 721 2324 audivit,
756 2274 947 2326 „Satis,“
985 2276 1135 2329 inquit,
1177 2276 1305 2327 „vixi2
1342 2276 1519 2316 invictus
1551 2275 1658 2316 enim

301 2337 491 2378 morior.“
529 2344 615 2377 tum
641 2337 749 2378 ferro
775 2345 957 2379 extracto
984 2338 1201 2379 confestim
1228 2338 1487 2378 exanimatus
1515 2343 1590 2378 est.

370 2398 429 2439 X.
467 2398 551 2439 Hic
582 2414 752 2439 uxorem
785 2414 1012 2453 numquam
1043 2400 1172 2440 duxit.
1216 2400 1258 2440 in
1284 2415 1365 2453 quo
1397 2414 1491 2440 cum
1523 2413 1659 2453 repre-

301 2461 562 2509 henderetur,
607 2462 718 2514 quod
760 2461 913 2502 liberos
956 2477 1037 2503 non
1075 2462 1341 2515 relinqueret,
1380 2477 1404 2502 a
1444 2461 1657 2515 Pelopida,

301 2522 371 2575 qui
402 2522 531 2562 filium
562 2522 740 2564 habebat
765 2523 975 2572 infamem,
1010 2524 1199 2577 maleque
1231 2539 1325 2564 cum
1356 2523 1399 2563 in
1425 2538 1473 2564 co
1504 2523 1659 2577 patriae

303 2585 515 2626 consulere
530 2586 695 2636 diceret,
714 2586 886 2637 „Vide,“
911 2586 1053 2640 iuquit,
1078 2601 1154 2637 „ue
1173 2587 1348 2641 ‚tupeius
1364 2586 1568 2634 consulas,
1589 2585 1657 2637 qui

302 2648 423 2687 talem
445 2663 495 2687 ex
520 2655 558 2689 te
579 2656 721 2689 natum
747 2648 962 2690 relicturus
990 2649 1058 2689 sis.
1097 2664 1230 2702 neque
1257 2664 1353 2689 vero
1375 2648 1496 2702 stirps
1522 2653 1655 2700 potest

303 2708 401 2747 mihi
428 2709 592 2749 deesse:
625 2725 803 2763 namque
825 2726 874 2751 ex
896 2725 960 2750 me
981 2717 1117 2750 natam
1138 2710 1323 2763 relinquo
1341 2724 1524 2763 pugnam
1546 2708 1658 2749 Leu-
