1741 3184
577 211 952 247 EPAMINONDAS.
1384 202 1437 241 49

91 288 287 329 circulum
319 288 516 336 venisset,
554 287 595 326 in
620 301 700 338 quo
726 294 795 327 aut
827 287 876 327 de
903 302 944 327 re
970 286 1133 340 publica
1163 286 1440 340 disputaretur

89 357 159 390 aut
182 351 232 390 (10
257 348 517 404 philosophia
542 362 676 388 sermo
702 347 931 396 haberetur,
958 362 1181 400 numquam
1208 348 1300 388 inde
1325 347 1437 401 prius

88 412 295 459 discessit,
327 425 450 463 quam
482 409 534 450 ad
558 408 682 448 finem
708 423 841 449 sermo
873 416 983 449 esset
1013 409 1227 449 adductus.
1266 423 1439 462 pauper-
1463 436 1468 443 ι

89 479 212 514 tatem
249 473 369 513 adeo
388 471 508 512 facile
544 485 766 525 perpessus
798 476 879 518 est,
917 476 960 509 ut
990 470 1041 510 de
1071 484 1113 510 re
1145 469 1309 523 publiea
1339 470 1439 510 nihil

87 540 247 589 praeter
276 533 450 587 gloriam
482 532 651 586 ceperit,
685 531 910 571 amicorum
940 530 982 570 in
1014 545 1057 571 se
1088 531 1239 571 tuendo
1266 532 1438 571 caruerit

87 594 366 636 facultatibus.
403 594 484 635 fide
509 594 562 634 ad
581 593 682 634 alios
705 592 981 633 sublevandos
1008 606 1130 646 saepe
1156 592 1214 632 sic
1241 607 1339 633 usus
1365 601 1438 641 est,

87 663 130 696 ut
156 655 328 696 iudicari
353 656 498 710 possit,
525 655 662 695 omnia
688 655 724 695 ei
750 669 842 694 cum
869 653 1012 694 amicis
1038 653 1167 694 fuisse
1193 654 1437 694 communia.

87 733 182 758 nam
213 732 307 758 cum
344 724 414 758 aut
445 717 597 758 civium
635 732 801 757 suorum
833 716 981 769 aliquis
1014 715 1065 756 ab
1103 715 1292 756 hostibus
1331 722 1440 756 esset

88 786 245 833 eaptus,
273 786 342 820 aut
368 779 484 834 virgo
503 779 623 819 amici
648 778 812 827 nubilis,
839 792 944 831 quae
968 783 1134 832 propter
1158 784 1440 832 paupertatem

89 841 279 882 collocari
299 856 380 881 non
399 847 551 895 posset,
574 840 796 881 amicorum
813 839 1029 880 eonsilium
1048 838 1227 879 habebat
1241 846 1291 888 et,
1312 854 1441 892 quan-

89 909 175 943 tum
207 902 380 955 quisque
412 903 543 950 daret,
576 917 650 956 pro
681 901 945 942 facultatibus
976 899 1216 954 imperabat.
1267 915 1439 954 eamque

90 979 294 1005 summam
319 979 413 1004 cum
438 964 602 1012 fecerat,
629 963 870 1017 priusquam
889 963 1091 1016 acciperet
1114 962 1343 1015 pecuniam,
1370 962 1441 1003 ad—

89 1025 384 1073 ducebateum,
411 1025 481 1078 qui
494 1024 728 1077 quaerebat,
757 1024 809 1064 ad
823 1038 906 1072 eos,
933 1024 1003 1076 qui
1017 1022 1294 1071 conferebant,
1321 1023 1440 1076 eique

89 1094 133 1127 ut
157 1087 236 1140 ipsi
262 1093 535 1134 numerarent,
569 1085 759 1134 faciebat,
786 1092 831 1125 ut
854 1085 934 1133 ille,
962 1084 1014 1124 ad
1038 1098 1162 1136 quem
1187 1098 1236 1124 ea
1259 1099 1324 1124 res
1349 1099 1441 1139 per-

90 1147 291 1195 veniebat,
319 1147 451 1196 sciret,
478 1153 678 1200 quantum
703 1146 850 1198 cuique
876 1145 1055 1186 deberet.

155 1208 232 1250 IV.
272 1209 449 1250 Tentata
473 1215 610 1249 autem
635 1208 723 1248 eius
750 1214 812 1248 est
843 1207 1090 1249 abstinentia
1115 1223 1139 1248 a
1162 1207 1439 1249 Diomedonte

91 1270 312 1325 Cyziceno.
349 1285 528 1323 namque
553 1270 587 1311 is
612 1276 760 1325 rogatu
784 1269 1028 1310 Artaxerxis
1054 1269 1162 1324 regis
1187 1269 1442 1324 Epaminon—

89 1333 184 1374 dam
209 1333 383 1387 pecunia
414 1333 759 1386 corrumpendum
785 1338 1034 1386 susceperat.
1078 1331 1145 1372 1110
1168 1347 1321 1386 magno
1347 1347 1440 1372 eum

89 1395 268 1449 pondere
300 1395 388 1434 auri
413 1394 581 1435 Thebas
613 1393 724 1434 venit
755 1399 795 1433 et
824 1393 1057 1448 Micythum
1089 1393 1440 1434 adolescentulum

89 1456 270 1508 quinque
295 1455 456 1496 talentis
482 1456 535 1496 ad
560 1470 677 1496 suam
702 1455 893 1508 perduxit
917 1455 1179 1503 voluntatem,
1207 1469 1329 1507 quem
1355 1463 1440 1495 tum

89 1517 401 1571 Epaminondas
438 1516 659 1571 plurimum
690 1515 899 1570 diligebat.
943 1515 1155 1570 Micythus
1185 1516 1441 1570 Epaminon-

90 1579 185 1619 dam
210 1578 400 1620 convenit
425 1585 464 1619 et
489 1593 679 1619 caussam
705 1578 905 1618 adventus
931 1577 1222 1618 Diomedontis
1249 1579 1438 1619 ostendit..

90 1641 210 1681 atille
223 1641 494 1681 Diomedonti
508 1656 658 1689 coram,
676 1640 853 1691 „Nihil‚⁴‘
869 1640 1011 1692 inquit,
1032 1655 1161 1694 „opus
1175 1641 1351 1694 pecunia
1365 1651 1437 1680 est.

89 1718 186 1742 nam
211 1703 246 1743 si
275 1718 347 1743 rex
373 1717 421 1743 ea
445 1703 550 1751 vult,
583 1716 688 1755 quae
715 1701 925 1742 Thebanis
958 1708 1053 1741 sunt
1084 1701 1198 1741 utilia
1227 1701 1354 1755 gratis
1380 1701 1441 1741 fa-

91 1779 182 1804 cere
219 1780 311 1804 sum
342 1772 508 1818 paratus
519 1780 529 1813 3
568 1764 631 1804 sin
663 1770 799 1804 autem
831 1763 1048 1811 contraria,
1087 1778 1169 1803 non
1199 1762 1323 1803 habet
1353 1763 1440 1803 auri

90 1833 212 1878 atquc
237 1826 396 1880 argenti
423 1826 535 1866 satis.
574 1839 751 1878 namque
777 1824 887 1865 orbis
921 1830 1119 1864 terrarum
1145 1824 1307 1864 divitias
1334 1824 1440 1864 acei-

1466 1654 1483 1680 [ὗ

88 1901 185 1942 pere
215 1887 309 1927 nolo
340 1902 412 1941 pro
443 1887 598 1941 patriae
630 1886 811 1927 caritate.
864 1892 906 1926 tu
938 1886 1050 1939 quod
1081 1900 1145 1926 me
1183 1885 1438 1940 incognitum
1466 1901 1484 1927 :3

90 1949 254 1989 tentasti
275 1949 413 2001 tuique
434 1948 608 1989 similem
629 1948 885 1996 existimasti,
906 1963 990 1988 non
1008 1948 1133 1988 miror
1152 1947 1305 2000 tibique
1325 1947 1442 2001 igno-

91 2025 178 2060 sco3
217 2011 289 2052 sed
320 2011 514 2065 egredere
545 2026 736 2065 propere,
768 2025 818 2051 ne
844 2010 946 2050 alios
972 2024 1222 2063 corrumpas,
1257 2024 1350 2049 cum
1375 2024 1440 2049 me

91 2088 173 2113 non
197 2074 392 2126 potueris.
436 2080 476 2113 et
507 2079 551 2113 tu
576 2072 780 2127 Micythe,
819 2078 1035 2126 argentum
1066 2071 1161 2111 111110
1186 2071 1324 2120 redde,
1357 2078 1439 2120 aut,

90 2135 170 2175 nisi
194 2135 236 2175 id
261 2135 476 2177 confestim
502 2135 619 2184 facis,
647 2150 724 2190 ego
751 2142 789 2176 te
809 2135 968 2175 tradam
994 2133 1293 2189 magistratui.“
1330 2133 1439 2174 1111110

88 2195 326 2237 Diomedon
351 2211 445 2237 eum
474 2204 655 2252 rogaret,
687 2203 731 2237 ut
756 2203 842 2238 tuto
868 2197 978 2237 exire
1005 2210 1173 2249 suaque,
1207 2211 1311 2249 quae
1335 2202 1441 2236 attu—

90 2257 203 2306 lerat,
219 2257 359 2298 liceret
373 2259 529 2308 efferre,
553 2259 697 2309 „Istud
710 2259 917 2311 quidem,“
933 2258 1077 2311 inquit,
1101 2257 1290 2308 „faciam,
1307 2271 1439 2309 neque

91 2325 162 2358 tua
186 2333 345 2368 caussa,
373 2321 446 2359 sed
470 2335 579 2368 mea,
612 2335 675 2369 ne,
704 2321 737 2360 si
763 2320 836 2361 tibi
863 2320 915 2361 sit
938 2319 1113 2374 pecunia
1138 2320 1341 2372 adempta,
1369 2318 1440 2358 ali-

91 2380 182 2433 quis
214 2381 339 2429 dieat,
377 2381 418 2420 id
449 2382 501 2421 ad
525 2397 589 2421 me
615 2390 798 2435 ereptum
830 2382 1085 2435 pervenisse,
1124 2382 1235 2434 quod
1259 2381 1439 2420 delatum

91 2441 274 2495 accipere
300 2441 562 2482 noluissem.“
603 2458 625 2482 a
645 2457 725 2494 quo
746 2457 839 2482 eum
859 2443 1100 2494 quaesisset,
1128 2458 1208 2495 quo
1229 2457 1272 2482 se
1292 2441 1437 2481 dedus-i
1465 2455 1477 2482 s·

90 2503 230 2551 vellet,
264 2509 301 2542 01
327 2503 393 2543 1110
418 2503 605 2543 Athenas
632 2504 820 2550 dixisset,
853 2504 1102 2556 praesidium
1128 2504 1256 2551 dedit,
1285 2510 1328 2542 ut
1352 2508 1438 2542 tuto

89 2564 331 2618 perveniret.
376 2579 507 2617 neque
538 2580 634 2605 vero
666 2565 705 2604 id
733 2565 831 2604 satis
857 2564 1011 2612 habuit,
1045 2564 1116 2604 sed
1143 2565 1276 2611 etiam,
1311 2570 1354 2604 ut
1379 2564 1439 2603 in-

90 2625 264 2666 violatus
290 2625 331 2665 in
357 2641 502 2666 navem
528 2627 776 2674 escenderet,
804 2626 1436 2679 pei-Chabriam2‘X2l11¹11ie11se111,

91 2687 140 2727 dc
165 2702 246 2740 quo
267 2702 389 2741 supra
410 2689 655 2728 mentionem
678 2688 862 2736 fecimus,
890 2687 1036 2727 cll'eeit.
1075 2686 1344 2726 abstinentiae
1365 2688 1435 2727 erit
1465 2700 1481 2728 (J

160 2753 306 2780 cornelius
320 2753 423 2786 Nepos.
1137 2752 1157 2784 4
