1741 3184
597 201 664 234 DE
684 201 914 238 REGIBUS.
972 183 975 186 ’
1379 193 1433 235 73

83 291 245 326 xerxes,
271 275 507 319 Macrochir
539 273 742 330 [quoque]
769 282 809 316 et
832 275 1045 317 Mnemon.
1087 275 1224 318 Xerxi
1254 276 1431 317 maxime

83 346 146 379 est
170 338 338 388 illustre,
364 337 475 391 quod
498 336 689 376 maximis
714 343 808 390 post
827 337 1039 378 hominum
1059 338 1298 379 memoriam
1317 353 1432 380 exer-

83 400 231 442 citibus
257 407 363 442 terra
380 397 564 450 marique
582 396 737 437 bellum
755 396 891 438 intulit
904 396 1116 439 Graeciae.
1143 407 1185 439 at
1196 398 1432 441 Macrochir

80 461 344 516 praecipuam
351 458 474 500 habet
486 458 651 499 laudem
665 457 943 512 amplissimae
956 458 1334 514 pulcherrimaeque
1343 475 1432 502 eor-

80 522 192 576 poris
216 522 386 570 formae,
412 534 537 574 quam
560 518 789 560 incredibili
813 519 973 560 ornavit
996 519 1146 561 virtute
1170 519 1284 561 belli:
1316 537 1431 562 nam-

81 596 161 635 que
190 582 260 623 illo
283 581 434 623 Perses
465 595 587 622 nemo
611 595 737 621 manu
766 580 846 621 fuit
874 580 1032 621 fortior.
1067 579 1270 622 Mnemon
1293 588 1431 622 autern

80 643 258 685 iustitiae
282 643 395 684 fama
424 642 572 684 floruit.
610 657 707 683 nam
737 656 831 682 cum
855 641 997 683 matris
1023 656 1122 683 suae
1153 642 1305 683 scelere
1330 643 1433 683 ami-

81 704 204 746 sisset
227 719 411 754 uxorem,
438 710 597 745 tantum
620 703 791 745 indulsit
815 703 963 753 dolori,
997 710 1042 744 ut
1066 717 1161 744 eum
1185 704 1317 759 pietas
1342 704 1432 745 vin-

81 772 201 807 ceret.
239 781 292 807 ex
315 766 379 807 his
405 766 487 807 duo
513 765 658 807 eodem
688 765 854 806 nomine
878 764 1022 806 morbo
1051 771 1221 806 naturae
1246 765 1431 807 debitum

80 827 364 877 reddiderunt3
400 826 542 868 tertius
578 826 630 868 ab
665 825 881 868 Artabano
915 826 1124 881 praefecto
1159 826 1268 868 ferro
1308 827 1431 869 inter-

81 895 243 942 emptus
269 895 343 930 est.

147 949 205 990 Π.
252 949 322 990 Ex
346 949 626 991 Macedonum
663 956 801 990 autem
837 955 960 1004 gente
997 949 1080 989 duo
1111 949 1240 990 multo
1272 955 1428 991 eeteros

80 1017 387 1052 antecesserunt
409 1025 546 1052 rerum
570 1017 780 1065 gestarum
804 1010 947 1065 gloria,
968 1009 1200 1064 Philippus,
1219 1009 1430 1065 Amyntae

79 1071 202 1121 filius,
229 1078 268 1113 et
279 1071 519 1112 Alexander
529 1071 727 1126 Magnus.
764 1071 912 1111 horum
936 1071 1039 1111 alter
1050 1071 1266 1124 Babylone
1286 1071 1430 1112 morbo

79 1140 348 1187 consumptus
374 1139 456 1182 est3
486 1132 706 1187 Philippus
731 1131 880 1187 Aegiis
905 1147 930 1172 a
956 1131 1185 1181 Pausania,
1218 1147 1313 1173 cum
1338 1147 1431 1186 spe-

78 1199 231 1234 ctatum
256 1193 375 1234 ludos
400 1193 495 1243 iret,
521 1193 637 1234 iuxta
661 1193 867 1234 theatrum
892 1192 1053 1234 occisus
1079 1199 1154 1234 est.
1196 1207 1303 1234 unus
1327 1192 1431 1248 Epi-

78 1262 200 1306 rotes,
222 1255 422 1311 Pyrrhus,
449 1255 520 1310 qui
544 1270 638 1296 eum
662 1255 818 1310 populo
843 1255 1033 1296 Romano
1058 1254 1237 1296 bellavit.
1275 1255 1310 1296 is
1335 1270 1431 1297 eum

76 1316 217 1372 Argos
243 1317 441 1372 oppidum
471 1323 729 1372 oppugnaret
758 1316 801 1357 in
825 1315 1128 1371 Peloponneso,
1160 1316 1298 1371 lapide
1321 1317 1427 1358 ictus

77 1377 240 1418 interiit.
278 1392 386 1418 unus
405 1378 503 1418 item
519 1377 699 1427 Siculus,
725 1377 958 1432 Dionysius
976 1377 1099 1432 prior.
1130 1392 1227 1418 nam
1251 1384 1290 1419 et
1303 1393 1429 1419 manu

77 1438 194 1479 fortis
214 1446 254 1479 et
272 1438 369 1480 belli
387 1439 541 1493 peritus
567 1439 656 1488 fuit,
683 1445 734 1488 et,
760 1438 803 1479 id
821 1439 932 1492 quod
950 1438 993 1479 in
1010 1445 1182 1493 tyranno
1200 1454 1284 1480 non
1307 1439 1428 1480 facile

75 1499 287 1554 reperitur,
313 1500 480 1541 minime
504 1499 761 1550 libidinosus,
785 1515 868 1541 non
891 1500 1138 1550 luxuriosus,
1163 1515 1246 1542 non
1264 1515 1426 1551 avara-³3,

76 1561 226 1603 nullius
264 1562 440 1616 denique
481 1561 541 1603 rei
577 1562 751 1616 cupidus
788 1562 868 1603 nisi
905 1561 1122 1617 singularis
1158 1563 1426 1617 perpetuique

74 1624 235 1678 imperii
259 1623 311 1665 ob
332 1638 504 1678 eamque
528 1639 615 1665 rem
635 1624 823 1665 crudelis.
861 1639 957 1665 nam
977 1625 1075 1665 dum
1094 1624 1137 1665 id
1161 1624 1318 1665 studuit
1337 1639 1427 1665 mu-

74 1685 173 1735 nire,
195 1685 347 1727 nullius
366 1686 549 1741 pepercit
568 1686 688 1735 vitae,
708 1700 831 1739 quem
845 1686 932 1727 eius
952 1686 1232 1727 insidiatorem
1251 1693 1423 1740 putaret.

73 1746 140 1787 hie
159 1762 253 1788 cum
272 1747 419 1788 virtute
445 1747 703 1802 tyrannidem
723 1747 801 1788 sibi
824 1747 1064 1802 peperisset,
1090 1762 1243 1802 magna
1260 1747 1425 1788 retinuit

73 1808 286 1858 felicitate3
313 1809 442 1850 maior
465 1810 575 1850 enim
601 1824 729 1850 annos
757 1809 975 1864 sexaginta
1004 1816 1126 1850 natus
1151 1809 1330 1850 decessit
1352 1809 1427 1850 flo-

71 1876 185 1911 rente
207 1885 350 1925 regno,
375 1885 508 1924 neque
532 1871 575 1911 in
595 1877 679 1911 tam
702 1870 842 1911 multis
862 1870 979 1911 annis
1006 1870 1251 1924 cuiusquam
1272 1885 1324 1911 ex
1349 1885 1426 1911 sua

74 1930 200 1986 stirpe
224 1931 350 1972 funus
375 1931 489 1981 vidit,
516 1946 610 1973 eum
636 1946 688 1972 ex
712 1931 842 1973 tribus
862 1931 1060 1973 uxoribus
1085 1931 1236 1973 liberos
1262 1946 1425 1986 procre-

73 1999 184 2033 asset
207 1993 406 2047 multique
431 1993 469 2034 ei
492 1993 577 2034 nati
602 2000 740 2034 essent
764 2000 946 2048 nepotes.

140 2054 221 2095 III.
258 2054 444 2096 Fuerunt
467 2063 679 2110 praeterea
703 2055 844 2110 magni
867 2069 987 2110 reges
1008 2069 1059 2096 ex
1084 2054 1226 2095 amieis
1239 2053 1424 2095 Alexan-

73 2115 135 2156 dri
158 2115 319 2172 Magni,
346 2117 418 2170 qui
440 2124 534 2171 post
559 2117 718 2158 obitum
744 2117 831 2158 eius
856 2117 1030 2172 imperia
1054 2122 1266 2171 ceperunt,
1292 2116 1335 2156 in
1358 2115 1423 2156 his

70 2177 308 2232 Antigonus
335 2185 375 2219 et
398 2178 520 2219 huius
546 2179 654 2219 filius
678 2178 931 2229 Demetrius,
957 2178 1250 2233 Lysimachus,
1279 2177 1424 2219 Seleu-

72 2252 158 2287 cuS,
183 2239 460 2281 Ptolemaeus.
499 2255 551 2280 ex
568 2240 633 2281 his
646 2240 884 2296 Antigonus
909 2241 951 2281 in
969 2240 1137 2295 proelio,
1164 2254 1257 2281 cum
1278 2240 1422 2280 adver-

71 2314 141 2340 sus
158 2298 380 2341 Seleucum
405 2308 444 2341 et
457 2301 761 2355 Lysimachum
785 2302 1010 2352 dimicaret,
1036 2302 1198 2343 occisus
1225 2307 1299 2342 est.
1331 2299 1420 2354 pari

70 2360 152 2402 leto
177 2361 349 2403 affectus
381 2368 443 2402 est
467 2362 746 2416 Lysimachus
778 2362 829 2404 ab
857 2361 1046 2404 Seleuco.
1081 2376 1259 2416 namque
1291 2360 1421 2402 socie-

1455 1207 1473 1236 2

1452 1760 1470 1789 3

1447 2252 1464 2281 2

71 2429 152 2463 tate
184 2422 386 2464 dissoluta.
420 2422 574 2464 bellum
610 2423 717 2464 inter
746 2438 790 2465 se
820 2430 1050 2479 gesserunt.
1098 2431 1140 2465 at
1163 2422 1417 2471 Demetrius,
1445 2433 1464 2463 3

70 2499 164 2525 cum
188 2484 313 2525 filiam
341 2499 458 2525 suam
486 2483 661 2526 Seleuco
685 2484 728 2525 in
752 2485 1057 2526 matrimonium
1081 2485 1262 2526 dedisset
1286 2498 1419 2537 neque

69 2560 117 2586 eo
142 2546 276 2600 magis
302 2546 384 2587 fida
408 2546 513 2587 inter
536 2561 606 2588 eos
637 2547 816 2587 amicitia
839 2561 1003 2587 manere
1027 2546 1246 2600 potuisset,
1274 2552 1418 2600 captus

68 2607 176 2648 bello
206 2608 248 2648 in
279 2608 465 2649 custodia
491 2622 607 2649 socer
636 2608 776 2663 generi
806 2608 926 2662 periit
951 2623 975 2649 a.
998 2606 1153 2648 morbo.
1196 2620 1330 2660 neque
1360 2606 1418 2647 ita
1443 2619 1462 2648 4

68 2668 195 2710 multo
219 2676 312 2724 post
328 2668 528 2711 Seleucus
554 2669 828 2711 aPtolemaeo
845 2669 1034 2711 Cerauno
1060 2668 1154 2710 dolo
1179 2667 1417 2709 interfectus
