1788 3200
287 180 341 220 22
722 179 967 215 CORNELII
985 177 1199 214 NEPOTIS

243 279 261 307 3
287 263 482 303 fecerunt.
520 272 615 299 nam
645 265 866 311 postquam
896 255 938 296 in
965 253 1148 296 Siciliam
1174 269 1268 295 eum
1292 253 1531 308 pervenisse
1557 269 1642 296 crc-

247 2192 264 2220 [Ο

286 324 495 369 diderunt,
528 319 759 367 absentem,
786 317 897 371 quod
923 331 1041 358 sacra
1064 317 1272 366 violasset,
1298 331 1413 356 reum
1440 315 1639 357 fecerunt.

286 399 367 438 qua
391 383 443 424 de
466 396 510 423 re
536 396 629 422 cum
650 380 688 422 ei
711 379 880 420 nuntius
905 395 930 420 a
953 379 1198 434 magistratu
1221 379 1264 419 in
1279 377 1462 419 Siciliam
1488 378 1641 419 missus

287 451 416 495 esset,
447 450 493 485 ut
517 444 685 485 domum
711 442 764 483 ad
789 456 979 483 caussam
1004 441 1221 482 dicendam
1244 441 1412 490 rediret,
1450 446 1642 493 essetque

285 508 328 549 in
352 521 504 562 magna
523 520 596 560 spe
620 504 856 560 provinciae
881 503 986 544 bene
1005 503 1366 552 administrandae,
1392 517 1474 543 non
1499 515 1642 556 parere

284 569 415 610 noluit
451 575 492 609 et
527 568 571 608 in
600 568 825 615 triremem,
863 579 969 619 quae
1000 565 1054 606 ad
1089 579 1185 606 eum
1220 570 1307 605 erat
1341 563 1643 619 deportandum

285 632 425 680 missa,
451 629 648 671 ascendit.
686 628 764 669 hae
789 627 968 668 Thurios
993 627 1036 667 in
1061 626 1226 667 Italiam
1249 633 1481 680 pervectus,
1513 624 1643 665 multa

286 707 427 734 secum
462 698 657 745 reputans
694 690 745 730 de
780 689 1050 729 immoderata
1086 687 1239 728 civium
1277 702 1444 728 suorum
1479 687 1644 727 licentia

285 753 607 805 crudelitateque
632 765 731 806 erga
760 749 939 798 nobiles,
972 748 1237 789 utilissimum
1266 755 1380 789 ratus
1404 747 1644 802 impenden-

285 824 368 856 tem
393 815 545 855 evitare
576 817 862 867 tempestatem
888 811 995 851 clam
1027 825 1070 851 se
1095 809 1147 851 ab
1179 809 1419 851 custodibus
1447 809 1645 849 subduxit

286 884 327 919 et
356 877 451 917 inde
481 875 660 930 primum
690 873 875 922 Elidem,
914 872 1010 913 dein
1046 871 1214 913 Thebas
1250 871 1373 912 venit.
1422 876 1645 925 postquam

286 945 423 980 autem
449 952 493 979 se
518 936 664 991 capitis
690 936 930 976 damnatum
954 933 1074 975 bonis
1099 933 1319 988 publicatis
1344 932 1502 974 audivit
1526 937 1578 981 et,
1603 931 1646 971 id

287 1001 399 1055 quod
429 1015 510 1041 usu
539 1005 725 1048 venerat,
750 997 1025 1051 Eumolpidas
1058 997 1293 1037 sacerdotes
1320 1011 1345 1037 a
1367 995 1521 1050 populo
1552 1009 1646 1035 coa-

287 1070 394 1112 ctos,
426 1068 470 1103 ut
502 1076 546 1103 se
577 1061 845 1109 devoverent,
883 1060 1056 1112 eiusque
1086 1058 1316 1100 devotionis
1348 1073 1430 1112 quo
1461 1057 1647 1098 testatior

287 1132 398 1166 esset
427 1123 641 1172 memoria,
675 1121 928 1176 exemplum,
960 1122 1002 1162 in
1031 1121 1115 1176 pila
1138 1121 1302 1175 lapidea
1326 1121 1520 1168 incisum,
1553 1134 1646 1160 esse

286 1187 468 1242 positum
498 1186 542 1226 in
571 1184 757 1239 publico,
789 1184 1152 1224 Lacedaemonem
1184 1182 1443 1237 demigravit.
1492 1181 1568 1231 ibi,
1601 1188 1645 1221 ut

286 1250 375 1304 ipse
405 1247 643 1302 praedicare
673 1251 962 1294 consueverat,
1001 1259 1084 1285 non
1114 1244 1314 1285 adversus
1344 1243 1538 1298 patriam,
1572 1243 1644 1284 sed

288 1310 476 1351 inimicos
503 1323 600 1350 suos
626 1308 779 1349 bellum
804 1307 946 1361 gessit,
974 1307 1084 1360 quod
1108 1306 1234 1346 iidem
1259 1306 1400 1346 hostes
1427 1311 1565 1345 essent
1590 1305 1646 1345 ci-

290 1372 423 1412 vitati:
449 1386 546 1411 nam
565 1384 659 1411 cum
684 1369 971 1423 intelligerent,
1000 1382 1043 1408 se
1061 1368 1286 1422 plurimum
1305 1367 1503 1422 prodesse
1522 1381 1646 1420 posse

290 1434 348 1475 rei
367 1433 569 1489 publicae,
597 1446 648 1472 ex
669 1446 718 1472 ea
733 1431 904 1471 eiecisse
923 1430 1100 1484 plusque
1114 1430 1197 1470 irae
1219 1444 1318 1470 suae
1332 1443 1457 1482 quam
1482 1428 1647 1468 utilitati

289 1495 496 1537 communi
509 1494 708 1549 paruisse.
735 1493 874 1546 itaque
893 1492 1015 1532 huius
1037 1491 1207 1532 consilio
1216 1490 1540 1532 Lacedaemonii
1553 1504 1647 1530 cum

290 1558 418 1598 Perse
443 1571 541 1611 rege
571 1555 794 1596 amicitiam
826 1554 1031 1603 fecerunt,
1069 1553 1165 1594 dein
1189 1553 1416 1594 Deceleam
1440 1552 1482 1592 in
1506 1551 1649 1592 Attica

288 1619 523 1660 munierunt
553 1616 841 1672 praesidioque
873 1616 930 1657 ibi
960 1622 1159 1670 perpetuo
1190 1616 1326 1670 posito
1356 1615 1399 1655 in
1434 1613 1648 1655 obsidione

290 1681 479 1721 Athenas
522 1685 753 1720 tenuerunt.
808 1679 994 1719 eiusdem
1030 1692 1156 1732 opera
1192 1677 1354 1718 Ioniam
1390 1692 1415 1717 a
1452 1675 1648 1717 societate

289 1747 523 1783 averterunt
536 1740 868 1781 Atheniensium.
907 1754 989 1793 quo
1009 1739 1119 1780 facto
1139 1739 1267 1780 multo
1289 1738 1519 1793 superiores
1540 1737 1649 1778 bello

290 1819 381 1845 esse
407 1809 642 1857 coeperunt.

358 1865 410 1906 V.
453 1864 598 1918 Neque
635 1879 732 1904 vero
768 1864 832 1904 his
869 1863 993 1904 rebus
1030 1869 1113 1903 tam
1150 1863 1271 1903 amici
1307 1861 1516 1902 Alcibiadi
1554 1868 1650 1901 sunt

290 1927 390 1968 facti
414 1941 539 1980 quam
563 1926 708 1966 timore
739 1925 791 1966 ab
817 1940 866 1966 eo
891 1925 1068 1966 alienati.
1107 1940 1202 1965 nam
1228 1939 1322 1965 cum
1354 1923 1541 1964 acerrimi
1571 1922 1649 1963 viri

291 1995 569 2044 praestantem
598 1987 858 2042 prudentiam
890 1987 932 2027 in
957 1986 1149 2028 omnibus
1180 1986 1304 2027 rebus
1335 1990 1647 2041 cognoscerent,

289 2051 599 2106 pertimuerunt,
624 2065 676 2090 ne
696 2050 863 2091 caritate
883 2049 1038 2103 patriae
1063 2049 1211 2089 duetus
1233 2047 1454 2101 aliquando
1475 2046 1526 2088 ab
1546 2047 1648 2101 ipsis

290 2113 538 2155 descisceret
562 2118 602 2153 et
627 2126 721 2153 cum
747 2112 832 2152 suis
857 2111 898 2152 in
924 2111 1099 2165 gratiam
1124 2111 1285 2151 rediret.
1323 2110 1461 2162 itaque
1486 2115 1649 2163 tempus

291 2177 379 2218 eius
404 2176 680 2217 interficiundi
704 2189 900 2229 quaerere
925 2174 1202 2215 instituerunt.
1240 2174 1282 2213 id
1307 2171 1532 2213 Alcibades
1560 2171 1650 2211 diu-

291 2240 373 2280 tius
405 2238 528 2279 celari
558 2254 641 2278 non
671 2238 816 2292 potuit.
860 2244 947 2278 erat
972 2237 1082 2278 enim
1108 2252 1157 2277 ea
1182 2235 1419 2291 sagacitate,
1446 2240 1492 2275 ut
1516 2233 1651 2288 decipi

290 2317 373 2342 non
396 2307 549 2356 posset,
575 2300 817 2354 praesertim
843 2314 935 2340 cum
962 2299 1144 2340 animum
1164 2298 1407 2340 attendisset
1431 2296 1484 2337 ad
1504 2309 1652 2337 caven-

291 2364 403 2404 dum.
440 2363 579 2415 itaque
605 2363 657 2403 ad
677 2361 1012 2416 Tissaphernem,
1039 2359 1294 2415 praefectum
1317 2359 1427 2414 regis
1447 2357 1580 2406 Darii,
1607 2371 1652 2397 se

294 2425 477 2468 contulit.
521 2425 638 2465 cuius
665 2439 759 2465 cum
790 2424 831 2463 in
856 2423 1043 2464 intimam
1068 2422 1292 2464 amicitiam
1322 2420 1581 2476 pervenisset
1612 2425 1652 2460 ct

294 2487 614 2529 Atheniensium
640 2486 746 2527 male
765 2486 895 2541 gestis
915 2486 957 2527 in
977 2484 1120 2527 Sicilia
1143 2485 1267 2526 rebus
1293 2498 1394 2538 opes
1421 2495 1649 2530 senescere,

294 2557 435 2592 contra
459 2550 886 2590 Lacedaemoniorum
912 2562 1097 2589 erescere
1122 2548 1291 2596 videret,
1318 2545 1433 2586 initio
1459 2559 1553 2585 eum
1579 2542 1651 2583 Pi-

295 2613 443 2652 sandro
470 2618 667 2665 praetore,
694 2611 764 2665 qui
789 2610 900 2665 apud
921 2608 1095 2651 Samum
1114 2610 1338 2650 exercitum
1363 2605 1552 2653 habebat,
1578 2618 1650 2658 per

295 2673 565 2713 internuntios
593 2673 836 2725 colloquitur
861 2678 899 2712 et
924 2672 974 2711 de
1006 2672 1139 2711 reditu
1165 2685 1240 2712 suo
1267 2669 1361 2710 facit
1388 2666 1647 2707 mentionem.
