1788 3200
328 227 356 266 4
764 228 1005 264 CORNELII
1032 228 1249 263 NEPOTIS

329 308 415 361 quit
441 320 488 347 ae
518 319 661 345 rursus
687 302 876 344 Athenas
907 303 1164 357 demigravit.
1214 302 1330 343 cuius
1361 301 1464 342 ratio
1495 302 1572 342 etsi
1602 316 1683 342 non

328 368 468 416 valuit,
495 373 633 407 tamen
662 379 913 420 magnopere
938 371 1000 406 est
1025 364 1250 412 laudanda,
1283 378 1377 404 cum
1402 363 1573 404 amicior
1597 378 1684 403 oni-

327 430 442 469 nium
467 428 644 469 libertati
668 442 793 481 quam
819 441 918 467 suae
942 426 1067 466 fuerit
1092 425 1372 466 dominationi.

286 507 301 535 1
395 489 472 531 IV.
508 489 665 531 Darius
691 496 841 537 autem,
869 503 963 528 cum
988 503 1039 528 ex
1062 487 1234 541 Europa
1258 487 1301 527 in
1321 486 1470 527 Asiam
1494 486 1683 535 redisset,

328 552 584 594 hortantibus
616 551 778 599 amicis,
805 558 850 590 ut
876 548 1095 591 Graeciam
1126 549 1331 604 redigeret
1353 549 1398 589 in
1423 564 1543 589 suam
1568 554 1684 602 pote-

329 622 495 662 statem,
528 614 704 654 classem
734 612 1051 666 quingentarum
1080 610 1251 651 navium
1281 611 1533 664 comparavit
1564 611 1684 662 eique

327 677 472 717 Datim
489 675 688 730 praefecit
711 682 751 714 et
769 673 1087 726 Artaphernem,
1112 672 1261 725 hisque
1287 673 1462 713 ducenta
1485 672 1684 727 peditum,

329 738 472 778 decem
502 736 615 776 milia
645 734 829 787 equitum
860 733 990 783 dedit,
1024 748 1215 774 caussam
1240 733 1505 782 interserens,
1539 748 1582 774 se
1612 733 1685 772 ho-

331 808 434 839 stem
459 811 551 838 esse
576 794 923 843 Atheniensibus,
955 795 1066 847 quod
1097 809 1239 834 eorum
1264 795 1417 835 auxilio
1442 795 1565 835 Iones
1588 793 1686 835 Sar-

330 860 393 899 dis
436 862 746 913 expugnassent
793 870 949 909 suaque
992 855 1198 909 praesidia
1246 855 1561 896 interfecissent.
1627 856 1687 895 illi

328 920 525 976 praefecti
555 919 660 974 regii
690 919 823 959 classe
848 918 901 959 ad
924 917 1143 958 Euboeam
1175 918 1350 972 appulsa
1375 918 1560 958 celeriter
1583 918 1687 958 Ere-

329 983 449 1023 triam
484 986 681 1035 ceperunt
716 994 942 1033 omnesque
978 979 1067 1020 eius
1102 979 1237 1034 gentis
1274 980 1385 1020 cives
1423 979 1614 1033 abreptos
1645 979 1688 1018 in

329 1043 479 1084 Asiam
504 1043 557 1084 ad
579 1056 722 1097 regem
751 1041 961 1082 miserunt.
1009 1040 1105 1081 inde
1135 1041 1188 1081 ad
1212 1040 1395 1081 Atticam
1427 1046 1688 1081 accesserunt

331 1120 379 1146 ae
404 1120 500 1146 suas
526 1104 666 1159 copias
690 1104 733 1144 in
758 1118 950 1157 eampum
970 1101 1221 1143 Marathona
1245 1103 1517 1143 deduxerunt.
1565 1102 1600 1143 is
1627 1108 1689 1142 est

287 1181 305 1210 3
331 1167 383 1208 ab
419 1166 571 1222 oppido
607 1165 767 1207 circiter
802 1164 916 1205 milia
955 1179 1157 1220 passuum
1194 1164 1348 1205 decem.
1397 1164 1476 1205 hoe
1510 1163 1689 1204 tumultu

330 1229 610 1270 Athenienses
636 1234 719 1268 tam
744 1227 975 1281 propinquo
1000 1233 1166 1280 tamque
1191 1241 1344 1282 magno
1368 1226 1543 1280 permoti
1573 1225 1689 1266 auxi-

331 1291 432 1331 lium
465 1304 673 1343 nusquam
707 1289 788 1329 nisi
817 1304 842 1329 a
871 1289 1218 1330 Lacedaemoniis
1252 1288 1486 1343 petiverunt
1515 1287 1689 1341 Phidip-

330 1366 512 1406 pumque
537 1365 746 1392 cursorem
771 1350 859 1391 eius
884 1350 1062 1405 generis,
1088 1351 1159 1403 qui
1183 1350 1520 1390 hemerodromoe
1538 1364 1689 1390 vecan-

332 1420 414 1462 tur,
445 1413 809 1454 Lacedaemonem
840 1412 1056 1460 miserunt,
1093 1417 1139 1451 ut
1162 1411 1385 1460 nuntia-ret,
1417 1425 1543 1464 quam
1568 1410 1689 1451 celeri

287 1487 307 1516 4
332 1489 437 1529 opus
463 1486 572 1516 esset
596 1473 761 1514 auxilio.
810 1473 923 1514 domi
953 1479 1091 1514 autem
1121 1479 1261 1513 creant
1290 1473 1433 1513 decem
1466 1478 1687 1526 praetores,

331 1536 402 1589 qui
437 1535 634 1577 exercitui
668 1541 925 1589 praeessent,
962 1535 1006 1575 in
1042 1535 1101 1576 eis
1137 1534 1386 1575 Miltiadem.
1446 1535 1550 1574 inter
1585 1548 1689 1587 quos

331 1612 484 1652 magna
512 1596 593 1637 fuit
623 1596 848 1645 eontentio,
886 1602 1025 1637 utrum
1054 1596 1272 1637 moenibus
1306 1594 1390 1651 [se]
1424 1595 1690 1636 defenderent

336 1674 390 1699 an
413 1658 580 1699 obviam
604 1658 710 1698 irent
727 1657 917 1699 hostibus
943 1658 1112 1711 acieque
1137 1659 1414 1698 decernerent.
1464 1672 1571 1698 unus
1590 1656 1690 1697 Mil-

332 1721 462 1761 tiades
487 1720 666 1760 maxime
690 1719 906 1768 nitebatur,
933 1726 977 1760 ut
1001 1720 1134 1774 primo
1159 1734 1322 1773 quoque
1348 1726 1532 1774 tempore
1557 1725 1691 1760 castra

332 1781 492 1823 fierent:
517 1781 559 1821 id
580 1781 615 1821 si
638 1781 795 1821 factum
814 1788 935 1830 esset,
964 1788 1004 1821 et
1022 1781 1182 1822 civibus
1203 1781 1387 1821 animum
1412 1795 1688 1829 accessurum,

334 1858 428 1884 cum
452 1843 656 1891 viderent,
683 1843 733 1882 de
759 1857 901 1882 eorum
932 1842 1081 1883 virtute
1105 1857 1188 1883 non
1213 1843 1441 1897 desperari,
1480 1850 1520 1883 et
1549 1842 1688 1883 hostes

334 1905 478 1945 eadem
496 1919 540 1945 re
564 1903 652 1945 fore
672 1903 884 1952 tardiores,
912 1903 946 1944 si
967 1904 1350 1953 animadverterent,
1377 1904 1527 1945 audere
1547 1904 1691 1944 adver-

335 1981 404 2007 sus
431 1980 475 2006 se
499 1972 584 2006 tam
609 1965 770 2021 exiguis
796 1965 925 2019 copiis
951 1965 1159 2006 dimicare.

291 2039 306 2067 1
400 2026 453 2068 V.
490 2025 587 2068 Hoc
610 2026 653 2067 in
677 2033 860 2081 tempore
885 2025 998 2067 nulla
1022 2026 1165 2067 civitas
1185 2025 1512 2068 Atheniensibus
1538 2027 1690 2068 auxilio

333 2087 412 2129 fuit
440 2094 602 2142 praeter
630 2087 911 2129 Plataeenses.
961 2103 1010 2129 ea
1039 2088 1150 2128 mille
1181 2089 1293 2129 misit
1323 2089 1510 2129 militum.
1552 2089 1690 2142 itaque

334 2150 480 2190 horum
516 2150 696 2190 adventu
732 2150 876 2190 decem
912 2150 1025 2190 milia
1060 2157 1309 2191 armatorum
1340 2150 1544 2204 completa
1575 2158 1689 2199 sunt3

290 2223 309 2251 2
335 2226 440 2265 quae
465 2227 612 2253 manus
643 2212 821 2253 mirabili
851 2211 1052 2268 flagrabat
1081 2212 1295 2267 pugnandi
1327 2212 1561 2267 cupiditate.
1609 2226 1691 2265 quo

335 2274 491 2314 factum
515 2280 595 2323 est,
627 2280 673 2314 ut
695 2274 789 2329 plus
815 2288 939 2327 quain
965 2274 1147 2329 collegae
1161 2274 1373 2314 Miltiades
1399 2274 1565 2314 valeret.
1603 2274 1690 2314 eius

335 2350 433 2390 ergo
458 2336 698 2377 auctoritate
723 2336 891 2390 impulsi
914 2334 1194 2377 Athenienses
1226 2336 1365 2390 copias
1392 2350 1443 2376 ex
1466 2335 1567 2376 urbe
1593 2336 1692 2376 edu-

290 2407 309 2436 3
334 2403 483 2437 xerunt
506 2397 680 2451 locoque
711 2397 860 2438 idoneo
892 2403 1027 2438 castra
1056 2398 1255 2438 fecerunt.
1305 2397 1401 2438 dein
1429 2404 1594 2452 postero
1626 2397 1690 2437 die

336 2458 413 2499 sub
443 2459 595 2500 montis
625 2458 833 2500 radicibus
865 2460 952 2500 acie
981 2459 1150 2514 regione
1181 2459 1382 2500 instructa
1412 2474 1495 2500 non
1519 2459 1690 2514 apertis-

336 2520 441 2560 sima
487 2521 688 2574 proelium
735 2521 1040 2562 commiserunt.
1114 2536 1292 2575 namque
1342 2521 1508 2562 arbores
1551 2519 1689 2560 multis

335 2581 435 2622 loeis
468 2588 583 2623 erant
610 2598 744 2631 rarae,
781 2583 860 2624 hoc
885 2583 1075 2633 consilio,
1113 2589 1158 2624 ut
1183 2590 1223 2624 et
1252 2583 1452 2624 montium
1477 2581 1689 2622 altitudine

337 2648 571 2695 tegerentur
596 2651 635 2684 et
661 2644 853 2684 arborum
879 2650 1011 2685 tractu
1036 2645 1242 2697 equitatus
1268 2644 1448 2685 hostium
1472 2643 1689 2696 impedire·
1723 2667 1725 2669 -

295 2713 313 2739 4
340 2708 416 2750 tur,
442 2718 492 2743 ne
519 2705 779 2745 multitudine
804 2706 1112 2746 clauderentur:-
1139 2706 1276 2754 Datis,
1304 2705 1380 2745 etsi
1405 2719 1484 2744 non
1512 2719 1686 2757 aequum

285 871 303 898 10

289 1672 308 1700 25!
