1741 3184
673 197 842 233 CIMON.
1387 188 1434 227 17

88 275 360 329 impetrasset,
387 287 430 314 sc
448 286 523 327 pro
541 271 611 311 illo
630 273 848 325 pecuniam
869 272 1109 313 soluturum.
1146 272 1181 312 is
1201 286 1294 312 cum
1313 270 1435 311 talem

89 337 362 377 conditionem
392 339 695 388 aspernaretur,
721 333 910 386 Elpinice
935 334 1119 387 negavit,
1153 347 1196 373 se
1220 347 1437 387 passuram

87 396 287 437 Miltiadis
316 394 555 450 progeniem
586 393 628 433 in
659 393 804 433 vinclis
835 393 1010 447 publicis
1035 393 1212 443 interire,
1243 393 1437 446 quoniam

86 457 300 512 prohibere
324 461 477 510 posset,
504 468 630 507 seque
651 453 808 495 Calliae
828 460 1060 508 nupturam,
1088 454 1123 495 si
1141 469 1200 503 ea,
1221 468 1326 507 quae
1350 454 1438 509 pol-

86 519 285 565 liceretur,
310 516 596 571 praestitisset.

152 578 210 618 Π.
254 577 348 618 Tali
377 577 501 618 modo
532 576 720 618 custodia
748 575 945 617 liberatus
978 575 1127 616 Cimon
1164 575 1349 616 celeriter
1385 576 1436 616 ad

84 638 358 694 principatum
377 638 575 692 pervenit.
601 637 781 679 habebat
794 637 903 678 enim
924 637 1022 677 satis
1037 636 1305 690 eloquentiae,
1328 651 1438 676 sum-

85 714 196 740 mam
219 699 517 749 liberalitatem,
544 714 739 754 magnam
763 698 1023 753 prudentiam
1048 712 1142 738 cum
1166 697 1265 738 iuris
1291 697 1437 746 civilis,

85 768 172 802 tum
196 761 254 802 rei
279 762 483 811 militaris,
515 762 626 815 quod
651 775 745 801 cum
774 766 889 815 patre
914 776 939 801 a
961 774 1089 814 puero
1119 759 1162 800 in
1193 759 1439 800 exercitibus

84 823 219 864 fuerat
248 830 449 864 versatus.
492 823 630 876 itaque
661 822 728 863 hic
758 828 798 863 et
829 821 1027 876 populum
1058 820 1261 862 urbanum
1291 820 1334 860 in
1364 835 1439 861 sua

86 885 216 925 tenuit
239 891 441 939 potestate
463 891 502 926 et
526 885 637 939 apud
661 884 884 925 exercitum
908 883 1130 937 plurimum
1154 882 1282 923 valuit
1301 887 1441 923 aucto-

85 946 216 987 ritate.
253 946 432 1000 primum
455 947 676 1000 imperator
705 946 816 999 apud
840 945 993 985 flumen
1019 943 1241 998 Strymona
1264 958 1437 998 magnas

87 1007 227 1061 copias
254 1007 464 1048 Thracum
489 1007 664 1062 fugavit,
690 1007 888 1060 oppidum
911 1005 1198 1059 Amphipolim
1231 1004 1441 1045 constituit

87 1083 217 1121 eoque
243 1069 386 1109 decem
410 1069 523 1108 milia
535 1067 856 1108 Atheniensium
880 1067 922 1107 in
946 1066 1147 1107 coloniam
1172 1065 1294 1106 misit.
1331 1065 1440 1106 idem

85 1130 233 1170 iterum
265 1130 376 1183 apud
399 1129 596 1183 Mycalen
623 1128 872 1183 Cypriorum
897 1135 938 1169 et
960 1127 1217 1168 Phoenicum
1247 1128 1442 1168 ducenta-

86 1206 178 1231 rum
202 1191 370 1231 navium
389 1191 565 1231 classem
584 1190 788 1231 devictam
802 1189 909 1244 cepit
928 1189 1154 1242 eodemque
1169 1188 1234 1229 die
1252 1188 1341 1243 pari
1359 1188 1443 1229 for-

88 1258 189 1293 tuna
218 1252 260 1292 in
297 1258 404 1293 terra
433 1267 535 1293 usus
566 1258 640 1293 est.
684 1266 862 1304 namque
892 1251 1074 1292 hostium
1104 1249 1278 1291 navibus
1310 1250 1439 1304 captis

88 1314 226 1355 statim
251 1328 303 1354 ex
327 1314 459 1355 classe
484 1314 623 1368 copias
650 1329 746 1355 suas
772 1313 913 1354 eduxit
937 1312 1287 1365 barbarorumque
1311 1311 1441 1352 maxi-

86 1390 197 1415 mam
226 1375 310 1415 vim
340 1390 422 1416 uno
454 1389 657 1416 concursu
691 1375 923 1429 prostravit.
972 1388 1055 1427 qua
1089 1374 1260 1414 victoria
1289 1388 1441 1428 magna

87 1437 240 1491 praeda
268 1438 422 1491 potitus
455 1452 549 1478 cum
579 1438 747 1478 domum
778 1442 1066 1485 reverteretur,
1098 1436 1210 1488 quod
1233 1435 1315 1476 iam
1339 1450 1442 1475 non-

87 1499 222 1539 nullae
236 1498 395 1539 insulae
417 1505 583 1552 propter
602 1498 865 1540 acerbitatem
884 1498 1046 1552 imperii
1070 1497 1315 1545 defecerant,
1335 1495 1440 1536 bene

88 1560 287 1601 animatas
319 1560 592 1609 confirmavit,
625 1560 821 1601 alienatas
847 1559 899 1600 ad
930 1559 1112 1600 officium
1136 1558 1267 1599 redire
1293 1557 1439 1612 coEgit.

90 1620 279 1675 Scyrum,
306 1636 430 1675 quam
455 1636 503 1662 eo
530 1628 711 1676 tempore
725 1621 913 1675 Dolopes
938 1619 1184 1668 incolebant,
1211 1619 1321 1672 quod
1346 1633 1442 1659 con-

87 1684 290 1724 tumacius
322 1698 365 1724 se
397 1690 630 1738 gesserant,
662 1683 909 1731 vacuefecit,
943 1696 1125 1722 sessores
1150 1687 1309 1721 veteres
1339 1679 1441 1720 urbe

87 1744 305 1797 insulaque
331 1744 466 1794 eiecit,
499 1760 620 1799 agros
652 1744 811 1785 civibus
843 1743 993 1784 divisit.
1032 1742 1210 1783 Thasios
1235 1741 1443 1796 opulentia

88 1806 214 1846 fretos
247 1820 321 1846 suo
352 1806 532 1846 adventu
561 1806 697 1861 fregit.
741 1805 805 1846 his
837 1819 889 1845 ex
918 1804 1124 1845 manubiis
1155 1819 1229 1844 arx
1252 1803 1440 1844 Athena-

86 1881 189 1915 rum,
216 1881 297 1919 qua
321 1867 374 1907 ad
398 1867 611 1907 meridiem
635 1866 781 1922 vergit,
808 1872 871 1907 est
893 1872 1049 1907 ornata.

153 1927 234 1968 ΠΙ.
274 1927 440 1980 Quibus
465 1928 588 1969 rebus
615 1943 709 1969 cum
732 1943 840 1969 unus
865 1927 908 1968 in
933 1927 1096 1968 civitate
1120 1925 1299 1967 maxime
1323 1925 1441 1966 florc-

86 1995 158 2038 ret,
184 1990 326 2030 incidit
350 1990 392 2030 in
411 1991 583 2031 eandem
602 1990 811 2039 invidiam,
838 2004 963 2042 quam
981 1995 1097 2043 pater
1117 2003 1216 2029 suus
1236 1987 1441 2040 ceterique

85 2050 405 2092 Atheniensium
434 2052 653 2106 principes.
702 2067 798 2092 nam
835 2057 1033 2092 testarum
1065 2049 1292 2104 suffragiis,
1330 2048 1441 2101 quod

85 2112 144 2152 illi
168 2109 454 2166 ὀστρακισμὸν
484 2119 650 2163 vocant,
683 2113 827 2154 decem
859 2127 1059 2153 annorum
1091 2111 1212 2152 exilio
1243 2110 1439 2151 multatus

87 2179 161 2214 est.
199 2174 315 2215 cuius
347 2174 446 2215 facti
477 2175 648 2216 celerius
674 2174 953 2215 Athenienses
979 2188 1103 2227 quam
1133 2173 1270 2227 ipsum
1299 2171 1441 2226 poeni-

87 2234 175 2274 tuit.
202 2250 298 2275 nam
317 2249 411 2275 cum
435 2235 502 2276 ille
528 2236 664 2277 animo
690 2236 785 2276 forti
810 2236 986 2276 invidiae
1012 2235 1264 2290 ingratorum
1291 2233 1440 2273 civium

88 2295 292 2343 cessisset,
318 2295 553 2349 bellumque
577 2297 900 2338 Lacedaemonii
918 2295 1245 2337 Atheniensibus
1271 2294 1442 2334 indixis-

89 2362 191 2405 scnt,
218 2357 435 2397 confestim
460 2365 580 2399 notae
606 2359 693 2400 eius
713 2359 874 2400 virtutis
901 2359 1149 2400 desiderium
1175 2364 1440 2399 consecutum

88 2423 162 2458 cst.
198 2417 336 2470 itaque
360 2424 453 2472 post
478 2434 631 2459 annum
657 2420 862 2472 quintum,
890 2434 1015 2472 quam
1040 2419 1236 2473 expulsus
1263 2424 1366 2466 erat,
1398 2417 1438 2456 in

87 2479 260 2532 patriam
284 2486 500 2520 revocatus
527 2487 600 2521 est.
637 2481 723 2529 ille,
750 2481 862 2533 quod
886 2481 1064 2534 hospitio
1088 2478 1441 2521 Lacedaemonio-

86 2556 177 2582 rum
208 2541 415 2591 utcbatur,
448 2542 577 2583 satius
609 2543 848 2583 existimans
880 2543 1126 2583 contendere
1156 2541 1440 2581 Laccdaemo-

85 2617 193 2651 nem,
221 2619 296 2644 sua
321 2610 465 2657 sponte
486 2610 548 2645 est
572 2604 781 2658 profectus
802 2618 1027 2658 pacemque
1048 2603 1151 2643 intcr
1170 2603 1272 2642 duas
1297 2608 1440 2655 poten-

87 2664 265 2706 tissimas
281 2665 465 2706 civitates
479 2666 721 2707 conciliavit.
747 2671 852 2720 post,
873 2680 1005 2718 neque
1019 2665 1075 2705 ita
1088 2664 1229 2711 multo,
1253 2662 1438 2717 Cyprum

156 2732 303 2758 Cannutius
317 2729 420 2764 Nepos.
1134 2729 1155 2762 2

1461 284 1479 312 :t

1464 957 1483 985 [Ο

1466 2183 1484 2211 ¹0

1464 2676 1482 2704 «l
