1741 3184
595 200 970 255 EPAMINONDAS,
1405 210 1460 250 53

111 296 291 343 etl-icam,
317 307 421 347 quae
440 307 521 333 non
541 292 662 332 modo
682 292 781 332 mihi
802 299 1029 346 superstes,
1057 292 1129 333 sed
1148 292 1270 333 etiam
1294 292 1460 333 immor-

115 356 204 396 talis
231 356 283 396 sit
308 368 477 396 necesse
502 355 604 394 est.“
650 367 731 406 quo
757 359 939 407 tempore
965 354 1068 394 duce
1093 353 1294 408 Pelopida
1318 354 1458 394 exules

114 417 280 458 Thebas
311 420 563 469 occuparunt
594 420 633 454 et
668 414 920 468 praesidium
950 415 1376 456 Lacedaemoniorum
1407 430 1459 456 ex

112 493 204 518 arce
229 476 483 531 expulerunt,
503 475 832 529 Epaminondas,
858 489 983 528 quam
1008 475 1078 515 diu
1104 475 1213 516 facta
1231 482 1292 516 est
1311 477 1457 517 caedes

111 539 279 586 civium,
306 537 429 578 domo
455 551 499 577 se
524 536 664 585 tenuit,
692 536 803 589 quod
826 550 959 589 neque
985 536 1115 576 malos
1141 536 1360 577 defendere
1385 552 1458 578 vo-

111 599 219 640 lebat
237 613 370 652 neque
391 598 646 653 impugnare,
673 612 724 638 ne
743 612 889 639 manus
910 612 1076 638 suorum
1097 597 1295 652 sanguine
1315 612 1458 638 cruen-

111 667 225 702 taret.
262 674 439 713 namque
458 674 622 700 omnem
641 658 804 699 civilem
822 658 1036 699 victoriam
1049 658 1255 699 funestam
1274 658 1456 712 putabat.

110 722 230 770 idem,
256 729 476 776 postquam
501 721 612 775 apud
638 719 866 761 Cadmeam
897 735 990 761 cum
1014 719 1358 760 Lacedaemoniis
1382 734 1458 774 pu-

110 798 235 839 gnare
261 782 406 837 coepit,
433 782 474 822 in
499 782 641 836 primis
668 781 790 823 stetit.
827 781 948 822 huius
974 781 1024 821 de
1049 780 1267 821 virtutibus
1292 780 1456 833 vitaque

112 845 210 886 satis
237 845 311 885 erit
335 845 508 893 dictum,
542 844 577 884 si
606 844 684 885 1100
708 859 837 884 111111111
862 843 1106 892 adiunxero,
1140 842 1251 895 quod
1274 856 1396 882 nemo
1426 842 1457 882 it

111 906 273 955 infitias,
295 905 461 946 Thebas
487 912 526 946 et
550 911 643 946 ante
656 905 989 960 Epaminondam
1014 911 1157 944 natum
1175 910 1214 944 et
1238 909 1332 957 post
1350 903 1458 944 eius-

111 969 204 1008 dem
234 968 441 1008 interitum
471 973 668 1021 perpetuo
705 967 837 1007 alieno
868 966 1054 1020 paruisse
1090 965 1279 1018 imperio3
1318 970 1457 1004 contra

111 1045 170 1078 ea,
198 1044 321 1082 quam
346 1029 416 1068 diu
440 1028 508 1068 ille
533 1027 755 1082 praefuerit
778 1027 838 1067 rei
861 1026 1069 1081 publicae,
1096 1031 1218 1079 caput
1241 1024 1370 1065 fuisse
1395 1031 1456 1064 to-

110 1092 190 1131 tius
222 1089 433 1131 Graeciae.
482 1104 533 1130 ex
569 1104 649 1141 quo
685 1088 857 1143 intelligi
892 1093 1046 1142 potest,
1084 1102 1212 1128 unum
1247 1085 1457 1128 hominem

109 1152 236 1206 pluris
262 1166 386 1205 quam
412 1150 618 1192 civitatem
643 1150 786 1192 fuisse.

486 1297 611 1338 XVI.
659 1294 1078 1339 PELOPIDAS.

177 1397 211 1438 Ι.
253 1396 474 1452 Pelopidas
506 1397 731 1438 Thebanus
766 1397 899 1452 magis
935 1396 1139 1437 historicis
1171 1409 1295 1449 quam
1330 1393 1455 1449 vulgo

109 1465 243 1499 notus.
275 1460 390 1499 cuius
405 1459 456 1499 de
474 1458 691 1500 virtutibus
711 1459 853 1500 dubito
872 1457 1219 1512 quemadmodum
1239 1471 1453 1510 exponam,

110 1520 220 1573 quod
243 1535 397 1570 vereor,
424 1521 458 1561 si
482 1535 547 1561 res
573 1520 776 1575 explicare
801 1520 1006 1574 incipiam,
1033 1533 1084 1559 ne
1109 1533 1188 1559 non
1214 1518 1341 1558 vitam
1367 1517 1453 1556 eius

109 1595 314 1630 enarrare,
353 1582 426 1622 sed
455 1582 667 1622 historiam
697 1581 837 1622 videar
869 1580 1064 1630 scribere3
1103 1580 1136 1620 si
1173 1578 1453 1619 tantummodo

110 1657 291 1683 summas
318 1643 508 1698 attigero,
535 1658 586 1684 ne
610 1642 780 1684 rudibus
797 1641 1049 1684 Graecarum
1074 1641 1299 1681 litterarum
1318 1640 1453 1679 minus

109 1704 285 1745 dilucide
316 1712 527 1760 appareat,
564 1712 740 1758 quantus
773 1704 895 1745 fuerit
924 1704 991 1744 ille
1017 1703 1090 1743 vir.
1132 1702 1269 1755 itaque
1294 1701 1453 1753 utrique

108 1766 166 1806 rei
190 1781 419 1816 occurram,
446 1773 644 1820 quantum
668 1773 856 1820 potuero,
884 1771 924 1806 et
947 1764 1143 1805 medebor
1167 1769 1254 1803 tum
1281 1762 1455 1802 satietati

109 1835 195 1867 tum
213 1827 466 1882 ignorantiae
486 1828 696 1868 lectorum.
734 1827 969 1868 Phoebidas
983 1823 1340 1866 Lacedaemonius
1361 1837 1452 1863 cum

108 1889 331 1929 exercitum
360 1888 591 1943 Olynthum
621 1889 788 1929 duceret
817 1888 974 1942 iterque
999 1902 1072 1942 per
1096 1885 1262 1927 Thebas
1288 1885 1452 1931 faceret,

107 1964 243 1991 arcem
262 1951 414 2004 oppidi,
441 1965 545 2004 quae
561 1949 745 1992 Cadmea
769 1950 1013 1998 nominatur,
1035 1947 1248 2001 occupavit
1274 1945 1454 1999 impulsu

106 2026 330 2066 paucorum
344 2013 648 2062 Thebanorum,
674 2013 756 2066 qui,
783 2011 1041 2053 adversariae
1062 2009 1228 2050 factioni
1247 2022 1328 2061 quo
1354 2007 1454 2046 saci-

106 2074 184 2114 lius
209 2074 456 2124 resisterent,
481 2075 699 2116 Laconum
719 2074 841 2115 rebus
863 2073 1099 2121 studebant3
1124 2072 1248 2124 idque
1274 2084 1347 2110 suo
1373 2068 1454 2123 pri-

107 2142 214 2184 vato,
241 2150 323 2176 non
347 2136 511 2190 publico
536 2136 633 2177 fecit
658 2136 840 2177 consilio.
884 2150 964 2189 quo
990 2134 1098 2175 facto
1124 2147 1217 2173 eum
1241 2131 1454 2172 Lacedae-

106 2197 232 2238 monii
257 2197 309 2239 ab
335 2199 515 2239 exercitu
539 2204 802 2239 removerunt
830 2197 1085 2252 pecuniaque
1110 2194 1350 2241 multarunt,
1383 2206 1455 2231 ne-

107 2273 186 2311 que
223 2273 271 2299 00
297 2260 430 2314 magis
463 2274 598 2300 arcem
623 2259 834 2300 Thebanis
865 2258 1141 2305 reddiderunt,
1174 2254 1283 2307 quod
1316 2268 1455 2293 susce-

107 2318 187 2372 ptis
211 2319 431 2360 inimicitiis
454 2321 579 2361 satius
600 2320 805 2360 ducebant
831 2334 901 2360 eos
927 2318 1105 2360 obsideri
1131 2331 1255 2369 quam
1278 2314 1451 2354 liberari.

107 2395 201 2419 nam
227 2387 319 2433 post
331 2380 677 2434 Peloponnesium
702 2380 856 2421 bellum
871 2379 1139 2431 Athenasque
1159 2377 1339 2417 devictas
1359 2389 1452 2415 cum

108 2440 317 2481 Thebanis
338 2441 414 2481 sibi
435 2456 520 2481 rem
541 2456 632 2482 esse
654 2441 956 2489 existimabant,
978 2446 1018 2480 01
1038 2454 1107 2480 cos
1128 2452 1219 2479 esse
1240 2436 1361 2484 solos,
1383 2435 1451 2486 qni

108 2503 303 2543 adversus
324 2503 510 2543 resistcre
531 2503 737 2543 auderent.
764 2502 839 2542 hac
860 2507 994 2541 mente
1009 2500 1150 2541 amieis
1171 2499 1254 2539 suis
1271 2511 1451 2537 summas

106 2570 329 2617 potestates
344 2564 537 2604 dederant
551 2563 798 2616 alteriusque
813 2562 1001 2602 factionis
1016 2561 1219 2615 principes
1233 2558 1378 2612 partim
1394 2557 1454 2596 in-

107 2624 360 2674 terfecerant,
386 2625 487 2665 alios
512 2625 554 2664 in
578 2624 745 2664 exilium
766 2623 978 2671 eicccrant,
1004 2622 1046 2662 in
1070 2621 1218 2674 quibus
1232 2618 1451 2672 Pelopidas

106 2687 189 2736 hic,
215 2687 266 2727 de
292 2702 373 2740 quo
399 2686 574 2728 scribere
600 2686 733 2727 exorsi
761 2700 921 2734 sumus,
947 2684 1092 2738 pulsus
1116 2682 1249 2736 patria
1273 2679 1447 2721 carebat.

1485 367 1504 396 3
