1741 3184
643 234 892 271 EUMENES.
1389 225 1443 266 (33

93 312 454 365 suceubuitneque
474 324 522 351 eo
543 310 676 350 secius
696 309 850 350 bellum
869 309 1179 350 administravit.
1218 308 1291 350 sed
1315 308 1441 350 exiles

91 390 156 417 res
177 374 301 416 animi
321 372 646 427 magnitudinem
661 371 737 411 etsi
756 385 839 411 non
853 371 1110 426 frangebant,
1137 378 1273 412 tamen
1287 371 1443 412 minue-

91 437 203 478 bant.
240 436 350 477 hune
379 447 632 489 persequens
657 431 915 486 Antigonus,
948 447 1041 472 cum
1066 433 1176 473 omni
1200 447 1350 488 genere
1376 447 1444 473 00-

91 499 251 553 piarum
282 496 527 544 abundaret,
566 509 689 549 saepe
719 494 762 534 in
791 494 1004 535 itineribus
1031 495 1274 545 vexabatur,
1311 510 1443 549 neque

91 574 286 613 umquam
313 558 363 599 ad
389 572 558 598 manum
578 556 774 598 accedere
797 555 949 597 licebat
968 556 1046 596 nisi
1071 555 1134 597 his
1154 556 1268 606 locis,
1294 557 1443 610 quibus

1468 385 1486 414 2

92 621 211 676 pauci
235 620 373 661 multis
398 627 568 674 possent
592 619 794 660 resistere..
833 618 906 659 sed
931 624 1113 659 extremo
1144 624 1326 672 tempore
1352 634 1443 659 cuin
1470 636 1488 663 :;

90 683 262 724 consilio
288 682 379 736 capi
403 697 485 723 non
509 687 663 736 posset,
690 680 950 721 multitudine
976 680 1212 721 circumitus
1239 687 1312 722 est.
1349 680 1444 721 hinc

90 752 228 785 tamen
263 743 403 785 multis
442 744 527 784 suis
565 743 728 784 amissis
767 757 810 784 se
847 742 1056 796 expedivit
1091 748 1131 783 et
1160 742 1202 783 in
1233 743 1444 784 castellum

90 806 319 861 Phrygiae,
357 805 469 859 quod
492 804 604 846 Nora
633 804 879 859 appellatur,
918 804 1116 859 confugit.
1166 805 1208 845 in
1239 820 1320 858 quo
1351 819 1444 846 eum

89 868 459 909 circumsederetur
488 873 528 908 et
552 874 777 915 vereretur,
810 881 861 907 ne
886 881 970 907 uno
1001 866 1091 907 1000
1116 881 1287 907 manens
1314 881 1442 920 equos

89 931 286 971 militares
312 930 518 985 perderet,
551 930 662 983 quod
687 929 867 983 spatium
892 944 974 969 non
999 937 1109 970 esset
1133 929 1334 984 agitandi,
1361 929 1443 970 cal-

89 993 219 1033 lidum
245 992 324 1033 fuit
348 993 435 1033 eius
456 992 680 1040 inventum,
707 991 1056 1044 quemadmodum
1077 998 1189 1032 stans
1214 991 1443 1032 iumentum

94 1054 348 1095 (onealeficri
374 1053 635 1106 exercerique
660 1061 818 1107 posset,
846 1067 926 1105 quo
951 1052 1145 1093 libentius
1171 1059 1211 1093 et
1241 1053 1332 1093 cibo
1357 1061 1446 1093 ute-

90 1124 202 1156 retur
227 1123 266 1155 et
291 1130 315 1155 a
340 1114 521 1168 corporis
552 1120 667 1155 motu
692 1129 773 1154 non
803 1120 1093 1154 removeretur.
1138 1113 1445 1169 substringebat

91 1184 215 1231 caput
238 1176 324 1217 loro
350 1176 484 1225 altius,
512 1190 635 1229 quam
655 1183 701 1216 ut
725 1175 930 1230 prioribus
954 1175 1129 1229 pedibus
1155 1175 1276 1230 plane
1297 1182 1445 1216 terram

90 1244 233 1293 posset
258 1238 479 1293 attingere3
506 1238 653 1278 deinde
680 1244 772 1292 post
791 1237 1030 1279 verberibus
1046 1237 1220 1292 cogebat
1239 1238 1444 1278 exsultare

93 1306 133 1341 et
157 1299 291 1341 calces
315 1299 534 1340 remittere.
579 1300 649 1354 qui
673 1306 808 1341 motus
835 1314 917 1340 non
941 1300 1077 1340 minus
1104 1300 1296 1341 sudorem
1322 1314 1445 1340 excu-

91 1361 230 1410 tiebat,
257 1376 381 1415 quam
402 1362 436 1402 si
461 1362 503 1402 in
523 1362 654 1416 spatio
675 1362 918 1402 decurreret.
957 1376 1037 1415 quo
1057 1361 1214 1402 factum
1234 1369 1307 1411 est,
1335 1362 1446 1415 quod

91 1423 282 1464 omnibus
314 1423 500 1464 mirabile
532 1431 594 1464 est
619 1424 773 1473 visum,
806 1430 850 1463 ut
875 1438 1004 1476 aeque
1034 1423 1216 1464 iumenta
1241 1424 1370 1464 nitida
1395 1439 1445 1464 ex

92 1485 261 1527 castello
299 1486 509 1535 educeret,
554 1501 647 1527 cum
685 1486 915 1540 complures
952 1500 1116 1526 menses
1153 1485 1195 1526 in
1232 1485 1445 1527 obsidione

91 1548 256 1598 suisset,
289 1563 337 1589 ae
362 1549 397 1589 si
427 1549 469 1589 in
495 1548 793 1603 campestribus
825 1563 873 1588 ea
896 1548 997 1589 locis
1027 1547 1252 1589 habuisset.
1295 1548 1337 1588 in
1368 1548 1444 1588 hae

91 1611 366 1659 conclusione,
393 1611 733 1664 quotiescumque
758 1610 898 1659 voluit,
925 1616 1166 1664 apparatum
1191 1617 1231 1651 et
1255 1610 1446 1650 munitio-

91 1689 165 1714 nes
181 1673 382 1729 Antigoni
407 1674 507 1715 alias
533 1674 726 1723 incendit,
753 1673 853 1714 alias
873 1673 1044 1713 disiecit.
1083 1673 1213 1714 tenuit
1238 1681 1374 1713 autem
1401 1687 1444 1713 se

91 1750 172 1776 uno
208 1735 318 1784 1000,
352 1736 550 1789 quamdiu
579 1736 710 1776 hiems
737 1735 833 1784 fuit,
866 1735 978 1787 quod
1009 1742 1142 1775 castra
1168 1735 1243 1776 sub
1280 1735 1347 1775 dio
1372 1734 1444 1774 ha-

91 1797 187 1838 bere
207 1812 289 1838 non
309 1805 480 1852 poterat.
518 1813 589 1838 ver
608 1796 983 1852 appropinquabat:
1011 1797 1201 1837 simulata
1226 1796 1443 1844 deditione,

92 1859 191 1899 dum
217 1859 267 1899 de
288 1859 591 1900 conditionibus
613 1866 769 1908 tractat,
795 1859 1014 1913 praefectis
1029 1858 1229 1914 Antigoni
1249 1859 1443 1913 imposuit

93 1935 219 1974 seque
246 1935 294 1962 ac
319 1936 416 1962 suos
443 1936 584 1962 omncs
611 1922 786 1962 extraxit
811 1921 1049 1962 incolumes.

159 1982 235 2023 VI.
272 1982 344 2023 Ad
369 1983 478 2024 hune
505 1982 738 2039 Olympias,
766 1991 895 2024 mater
920 1999 1025 2037 quae
1050 1983 1184 2024 fuerat
1202 1982 1442 2031 Alexandri,

91 2059 185 2085 cum
205 2045 359 2086 litteras
380 2052 420 2086 et
438 2046 603 2088 nuntios
624 2047 805 2088 misisset
825 2046 866 2086 in
880 2045 1028 2086 Asiam
1043 2045 1288 2095 consultum,
1310 2052 1444 2086 utrum

91 2106 309 2161 repetitum
328 2106 620 2149 Macedoniam
645 2109 802 2149 veniret
828 2108 941 2161 (nam
967 2115 1052 2148 tum
1079 2108 1121 2148 in
1132 2107 1262 2162 Epiro
1288 2107 1446 2148 habita-

92 2167 179 2222 bat)
206 2175 245 2209 et
270 2184 339 2210 eas
365 2184 430 2211 res
456 2176 692 2224 occuparet,
724 2171 820 2211 huic
844 2170 912 2211 ille
936 2170 1113 2224 primum
1140 2169 1286 2219 suasit,
1318 2184 1369 2211 ne
1402 2185 1444 2210 se

91 2237 274 2271 moveret
309 2238 350 2272 et
385 2238 660 2286 exspectaret,
699 2233 836 2286 quoad
860 2232 1090 2273 Alexandri
1126 2232 1234 2272 filius
1270 2246 1444 2286 regnum

92 2291 403 2345 adipisceretur3
436 2294 499 2334 sin
529 2294 666 2347 aliqua
697 2294 918 2348 cupiditate
949 2300 1159 2348 raperetur
1182 2294 1224 2334 in
1248 2292 1446 2333 Macedo-

91 2353 220 2402 niam,
259 2353 568 2395 oblivisceretur
604 2355 786 2396 omnium
822 2356 1061 2396 iniuriarum
1093 2362 1132 2395 et
1167 2355 1209 2395 in
1239 2354 1444 2394 neminem

92 2414 300 2456 acerbiore
326 2422 506 2456 uteretur
530 2417 713 2470 imperio.
752 2417 898 2457 horum
923 2417 992 2457 illa
1017 2417 1117 2457 nihil
1143 2416 1252 2457 fecit.
1284 2431 1379 2456 nam
1406 2422 1444 2455 et
1471 2428 1477 2454 ;

91 2477 134 2518 111
158 2477 450 2518 Macedoniam
474 2479 660 2533 profecta
685 2486 747 2520 est
773 2486 812 2519 et
841 2479 898 2520 ibi
924 2480 1206 2520 crudelissime
1232 2494 1275 2520 se
1301 2478 1442 2533 gessit.

91 2539 193 2593 petit
227 2548 365 2580 autem
403 2540 454 2581 ab
487 2541 678 2581 Eumene
715 2540 905 2589 absente,
944 2556 995 2581 ne
1026 2547 1233 2594 pateretur
1261 2540 1444 2594 Philippi

92 2602 238 2642 (lomus
270 2616 318 2642 ae
348 2602 529 2643 familiae
565 2603 869 2643 inimicissimos
908 2603 1076 2656 stirpem
1106 2617 1270 2655 quoquc
1306 2602 1444 2642 interi-

91 2678 202 2704 mere
235 2663 439 2717 ferretque
465 2680 585 2719 opem
615 2665 752 2706 liberis
780 2664 1019 2705 Alexandri.
1062 2679 1183 2717 quam
1216 2664 1377 2704 veniam
1410 2664 1442 2703 si

91 2725 218 2777 daret,
245 2741 369 2780 quam
394 2727 571 2781 primum
593 2727 796 2768 exereitus
822 2732 995 2781 pararet,
1023 2742 1126 2780 quos
1153 2725 1232 2767 sibi
1258 2725 1442 2767 subsidio

1472 1129 1490 1156 ἴ)

1472 1377 1490 1404 ti

1472 1562 1487 1590 7

1472 2180 1488 2208 2
