1741 3184
560 182 946 219 TIIRASYBULUS.
1373 173 1424 213 27

75 261 163 301 laus
190 265 298 300 esset
317 258 475 299 fortiter
499 257 650 305 venari,
675 257 884 298 luxuriose
908 258 1058 307 vivere,
1084 257 1229 298 horum
1256 257 1314 298 sic
1339 255 1428 296 imi-

75 329 204 362 tatum
229 319 584 367 consuetudinem,
616 326 661 358 ut
691 318 748 357 illi
772 319 851 371 ipsi
876 333 970 359 eum
995 319 1037 359 in
1066 319 1130 359 his
1155 318 1333 359 maxime
1359 319 1430 359 ad-

75 383 328 423 mirarentur.
365 380 514 434 quibus
540 379 662 420 rebus
688 379 896 428 effecisse,
929 386 991 429 ut,
1024 381 1135 433 apud
1159 394 1428 433 quoscunque

76 451 196 492 esset,
216 443 405 497 princeps
424 447 646 495 poneretur
663 439 964 493 habereturque
985 441 1236 482 carissimus.
1274 442 1348 483 scd
1367 457 1431 482 sa—

76 506 126 546 tis
151 505 202 546 de
226 504 304 545 hoc
313 520 324 553 3
349 503 528 556 reliquos
555 503 774 544 ordiamur.

401 649 525 691 VIII.
575 647 1108 691 THRASYBULUS.

143 751 177 792 I.
216 749 517 805 Thrasybulus,
543 750 652 805 Lyci
672 749 792 799 filius,
818 749 1101 791 Atheniensis.
1139 750 1174 791 si
1197 764 1271 804 per
1290 764 1333 791 se
1352 750 1433 791 vir-

76 823 141 854 tus
164 813 255 872 sine
280 812 446 853 fortuna
469 812 736 866 ponderanda
761 812 830 861 sit,
856 811 1018 861 dubito,
1045 827 1098 852 an
1120 811 1231 853 hunc
1254 812 1432 866 primum

77 875 260 915 omnium
285 889 448 929 ponam.
485 874 586 914 illud
612 874 699 914 sine
724 873 868 914 dubio:
894 873 1101 915 neminem
1126 873 1222 914 huic
1245 874 1433 928 praefero

77 937 176 986 fide,
213 936 460 984 constantia,
498 936 782 991 magnitudine
818 935 961 984 animi,
997 935 1040 976 in
1074 936 1249 990 patriam
1281 951 1431 977 amore.

78 1015 176 1040 nam
211 999 322 1052 quod
357 998 473 1038 multi
502 998 720 1038 voluerunt
753 998 957 1051 paucique
992 1003 1230 1051 potuerunt,
1269 997 1320 1038 ab
1351 1012 1432 1038 uno

78 1068 250 1115 tyranno
280 1060 455 1114 patriam
484 1059 676 1108 liberare,
707 1059 803 1099 huic
834 1058 1022 1113 contigit,
1054 1065 1099 1098 ut
1124 1073 1148 1098 a
1172 1058 1339 1113 triginta
1363 1073 1435 1112 op-

76 1137 263 1176 pressam
287 1121 470 1175 tyrannis
496 1135 518 1161 e
544 1120 740 1161 servitute
764 1120 807 1160 in
830 1119 1060 1160 libertatem
1085 1120 1322 1160 vindicaret.
1361 1120 1434 1161 sed

76 1183 215 1224 nescio
240 1197 322 1236 quo
352 1182 494 1231 modo,
526 1196 620 1222 cum
645 1197 740 1222 eum
764 1196 885 1222 nemo
917 1181 1088 1222 anteiret
1111 1181 1175 1223 his
1200 1181 1433 1230 virtutibus,

76 1244 194 1285 inulti
228 1243 439 1285 nobilitate
475 1250 854 1298 praecucurrerunt.
914 1243 1093 1297 primum
1128 1243 1434 1298 Peloponnesio

78 1306 184 1348 bello
209 1306 337 1347 multa
361 1306 428 1346 hic
448 1306 535 1346 sine
554 1306 773 1347 Alcibiade
798 1306 941 1360 gessit,
968 1306 1035 1346 ille
1060 1306 1215 1347 nullam
1233 1322 1320 1347 rem
1346 1307 1434 1348 sinc

78 1369 175 1418 hoc;
207 1382 313 1421 quae
338 1368 406 1408 ille
439 1368 631 1408 universa
660 1368 834 1408 naturali
859 1368 1039 1420 quodam
1065 1367 1173 1408 bono
1198 1367 1296 1408 fecit
1319 1368 1433 1408 lucri.

79 1430 152 1471 sed
176 1429 245 1470 illa
269 1435 407 1470 tamen
438 1430 575 1470 omnia
605 1429 840 1470 communia
869 1429 1185 1484 imperatoribus
1211 1444 1305 1470 cum
1329 1430 1435 1470 mili-

79 1491 187 1532 tibus
214 1497 253 1532 et
276 1491 459 1540 fortuna,
492 1491 602 1544 quod
626 1491 668 1532 in
691 1491 835 1546 proelii
866 1505 1068 1532 concursu
1093 1491 1178 1532 abit
1200 1506 1266 1533 res
1292 1507 1316 1532 a
1340 1506 1437 1532 con-

80 1553 169 1594 silio
201 1553 253 1594 ad
283 1553 390 1594 vires
421 1553 587 1606 vimque
617 1554 902 1608 pugnantium,
940 1553 1077 1606 itaque
1112 1553 1199 1594 iure
1232 1568 1306 1594 suo
1335 1569 1438 1594 non-

79 1615 190 1656 nulla
215 1614 266 1655 ab
291 1615 535 1669 imperatore
560 1615 696 1664 miles,
728 1615 905 1670 plurima
929 1630 1026 1656 vero
1052 1615 1218 1656 fortuna
1242 1616 1435 1664 vindicat,

80 1692 206 1730 seque
230 1677 297 1718 hic
326 1677 419 1731 plus
444 1677 625 1718 valuisse
649 1692 774 1730 quam
806 1677 922 1718 ducis
952 1678 1214 1731 prudentiam
1243 1693 1339 1719 vere
1363 1692 1438 1732 po-

81 1746 159 1784 test
194 1739 443 1793 praedicare.
491 1754 617 1792 quare
653 1740 754 1780 illud
789 1739 1244 1794 magnificentissimum
1281 1740 1437 1781 factum

79 1801 288 1855 proprium
313 1808 375 1840 est
395 1800 658 1855 Thrasybuli.
695 1816 792 1841 nam
818 1816 912 1842 cum
936 1801 1103 1856 triginta
1122 1801 1295 1856 tyranni,
1322 1816 1439 1856 prac-

78 1862 199 1916 positi
219 1877 243 1902 a
260 1862 618 1912 Lacedaemoniis,
646 1863 840 1903 servitute
866 1877 1085 1917 oppressas
1105 1869 1287 1904 tenerent
1307 1863 1440 1904 Athe-

78 1939 166 1973 nas,
192 1924 390 1978 plurimos
411 1924 534 1973 cives,
561 1924 712 1978 quibus
737 1925 779 1965 in
803 1924 911 1965 bello
935 1931 1122 1979 parserat
1145 1925 1321 1974 fortuna,
1347 1939 1441 1979 par-

80 1986 152 2026 tim
176 1986 309 2041 patria
334 1986 607 2040 expulissent,
638 1987 787 2041 partim
818 1987 1138 2035 interfecissent,
1170 1987 1437 2041 plurimorum

80 2047 188 2088 bona
217 2047 426 2102 publicata
456 2048 560 2089 inter
591 2063 634 2089 se
666 2048 921 2098 divisissent,
955 2063 1038 2089 non
1070 2048 1203 2090 solum
1233 2048 1438 2103 princeps,

82 2109 155 2150 sed
180 2109 303 2150 etiam
329 2110 440 2150 solus
465 2110 580 2151 initio
604 2110 758 2151 bellum
783 2110 847 2151 his
872 2110 1031 2151 indixit.

147 2170 205 2211 II.
243 2170 328 2212 Hic
352 2172 461 2212 enim
481 2186 574 2212 cum
592 2171 756 2226 Phylen
773 2172 1042 2227 confugisset,
1069 2172 1182 2225 quod
1207 2178 1269 2213 est
1294 2171 1440 2212 castel—

81 2232 167 2272 lum
190 2233 233 2272 in
256 2233 398 2274 Attica
429 2234 769 2283 munitissimum,
801 2249 886 2275 non
915 2234 1009 2288 plus
1035 2234 1179 2275 habuit
1205 2249 1346 2275 secum
1371 2234 1441 2274 tri-

82 2293 197 2347 ginta
221 2293 271 2334 de
297 2294 394 2335 suis.
431 2294 510 2335 hoc
535 2295 694 2336 initium
713 2295 792 2335 fuit
817 2295 960 2336 salutis
979 2295 1246 2344 Actaeorum,
1273 2295 1351 2336 hoc
1375 2310 1441 2335 ro-

84 2354 160 2395 bur
177 2353 375 2395 libertatis
395 2355 645 2397 clarissimae
664 2356 853 2397 civitatis.
885 2371 1019 2409 neque
1039 2372 1134 2398 vero
1153 2357 1220 2397 hic
1239 2371 1323 2397 non
1343 2370 1440 2397 con-

84 2422 262 2470 temptus
294 2422 357 2456 cst
386 2416 517 2470 primo
549 2433 573 2458 a
603 2417 785 2471 tyrannis
823 2423 945 2470 atque
977 2418 1064 2459 eius
1097 2418 1287 2459 solitudo.
1335 2431 1441 2470 quac

84 2478 250 2532 quidem
269 2492 334 2519 rcs
354 2485 394 2518 et
412 2478 491 2519 illis
512 2478 867 2520 contemnentibus
886 2479 1055 2533 pernicii
1074 2485 1115 2520 et
1132 2480 1228 2520 huic
1246 2480 1441 2534 despecto

85 2540 206 2582 saluti
230 2540 320 2581 fuit.
357 2540 460 2582 haec
485 2541 594 2582 enim
618 2541 709 2582 illos
736 2555 884 2596 segnes
910 2541 963 2581 ad
986 2542 1338 2595 persequendum,
1364 2541 1440 2583 hos

85 2609 221 2643 autem
253 2609 436 2656 tempore
466 2603 519 2643 ad
550 2603 873 2657 comparandum
909 2602 1004 2643 dato
1041 2603 1139 2644 fccit
1173 2602 1438 2644 robustiores.

85 2678 165 2717 quo
190 2664 323 2719 magis
343 2671 607 2719 pracceptum
633 2665 732 2705 illud
753 2664 936 2706 omnium
961 2665 1003 2705 in
1028 2665 1174 2706 animis
1194 2679 1285 2706 esse
1305 2664 1438 2713 debet,
1466 2679 1472 2687 ⁴

1459 1010 1477 1037 [ὗ

1466 2368 1484 2397 10
