1741 3184
624 232 920 269 AGESILAUS.
1391 223 1446 263 59

95 308 190 349 ritas
216 308 304 349 eius
330 307 488 349 consilii
516 307 636 347 saluti
669 308 748 348 fuit
772 308 988 349 universis.
1031 324 1127 349 nam
1152 323 1245 349 cum
1278 308 1444 362 quidam

93 369 406 418 adolescentuli,
443 368 625 409 hostium
662 369 842 409 adventu
879 370 1093 423 perterriti,
1132 371 1185 410 ad
1221 370 1444 411 Thebanos

94 431 350 486 transfugere
371 430 519 470 vellent
539 437 578 470 ct
595 429 732 470 locum
753 437 867 470 extra
887 430 1029 471 urbem
1051 431 1205 471 editum
1226 431 1444 486 cepissent,

93 492 335 547 Agesilaus,
367 491 437 544 qui
461 490 856 545 perniciosissimum
881 490 969 531 fore
996 492 1169 540 videret,
1203 492 1237 533 si
1263 493 1446 533 animad-

94 569 256 595 versum
294 561 405 594 esset
445 567 697 607 quemquam
733 553 785 594 ad
821 553 962 595 hostes
1001 554 1260 609 transfugere
1292 556 1443 603 conari,

92 630 186 656 cum
211 615 295 656 suis
322 630 370 656 eo
397 615 507 656 venit
532 622 668 669 atque,
695 623 740 656 ut
765 615 799 656 si
824 615 932 656 bono
958 615 1094 657 animo
1119 616 1333 666 fecissent,
1359 617 1447 657 lau-

91 677 204 718 davit
227 677 446 719 consilium
471 693 630 727 eorum,
664 678 775 732 quod
800 693 894 719 eum
919 678 1056 719 locum
1082 685 1374 733 occupassent,
1407 687 1447 719 ct

92 754 136 781 se
158 739 203 780 id
227 754 391 793 quoque
422 740 690 785 fieridebere
721 740 1074 781 animadvertisse.
1119 740 1178 781 sie
1209 741 1446 782 adolescen-

92 801 198 843 tulos
225 801 416 842 simulata
440 802 674 843 laudatione
703 802 961 857 recuperavit
986 810 1025 843 et
1049 802 1252 843 adiunctis
1284 803 1334 843 dc
1361 803 1446 843 suis

92 863 310 905 comitibus
335 864 471 905 locum
491 871 624 905 tutum
644 864 818 917 reliquit.
856 879 1034 918 namque
1059 864 1117 905 illi
1136 872 1256 906 aucto
1276 880 1446 906 numero

91 940 245 975 eorum,
272 926 343 979 qui
363 935 551 980 expertes
572 934 686 967 erant
706 927 877 976 consilii,
904 941 1164 968 commovere
1186 943 1229 968 se
1249 944 1330 969 non
1351 936 1447 969 sunt

91 988 199 1038 ausi,
225 1003 356 1042 eoque
380 989 587 1038 libentius,
614 990 725 1042 quod
748 989 874 1030 latere
900 988 1219 1039 arbitrabantur,
1247 1005 1352 1044 quae
1378 1005 1447 1031 co-

92 1050 338 1105 gitaverant.

160 1111 258 1152 VH.
288 1111 387 1153 Sine
403 1111 528 1152 dubio
541 1118 635 1166 post
649 1112 913 1153 Leuctricam
928 1127 1111 1167 pugnam
1124 1113 1447 1153 Lacedaemonii

92 1187 136 1213 se
161 1187 387 1226 numquam
412 1173 644 1214 refecerunt
674 1189 807 1227 neque
838 1174 1057 1228 pristinum
1088 1174 1305 1228 imperium
1330 1189 1448 1215 recu-

88 1243 293 1289 perarunt,
320 1250 414 1275 cum
440 1235 600 1276 interim
625 1234 850 1291 Agesilaus
876 1251 958 1277 non
982 1236 1154 1286 destitit,
1181 1236 1448 1290 quibuscum-

88 1311 169 1349 que
198 1296 323 1338 rcbus
359 1306 519 1352 posset,
556 1298 730 1352 patriam
767 1298 920 1339 iuvare.
970 1314 1064 1339 nam
1096 1313 1189 1339 cum
1226 1299 1445 1354 praecipue

88 1358 411 1400 Lacedaemonii
430 1360 660 1414 indigerent
679 1360 866 1415 pecunia,
892 1360 959 1400 ille
981 1360 1185 1409 omnibus,
1213 1361 1282 1414 qui
1303 1377 1327 1401 a
1345 1376 1442 1416 rege

89 1419 337 1470 defecerant,
364 1421 569 1475 praesidio
584 1422 672 1470 fuit,
700 1437 723 1462 a
743 1421 892 1474 quibus
908 1437 1060 1476 magua
1073 1422 1247 1462 donatus
1269 1423 1445 1476 pecunia

88 1482 263 1536 patriam
294 1482 537 1524 sublevavit.
582 1491 704 1537 atque
734 1484 775 1523 in
801 1484 879 1525 hoc
903 1485 1005 1525 illud
1035 1485 1235 1539 imprimis
1268 1485 1345 1525 fuit
1371 1485 1443 1525 ad-

89 1543 293 1593 mirabile,
326 1559 419 1585 eum
445 1545 626 1586 maxima
656 1560 827 1586 munera
851 1545 887 1586 ei
913 1545 964 1587 ab
989 1546 1157 1602 regibus
1184 1561 1231 1587 ac
1256 1547 1442 1601 dynastis

89 1605 405 1660 civitatibusque
437 1608 735 1657 conferrentur,
773 1608 885 1661 quod
915 1608 1016 1648 nihil
1046 1623 1244 1661 umquam
1274 1609 1443 1649 domum

90 1674 207 1707 suam
233 1669 424 1718 contulit,
462 1670 562 1710 nihil
587 1670 638 1710 de
669 1670 799 1719 victu,
835 1670 937 1710 nihil
967 1670 1018 1711 de
1048 1671 1200 1711 vestitu
1223 1671 1443 1711 Laconum

87 1730 273 1770 mutavit.
317 1731 438 1772 domo
470 1732 613 1772 cadem
649 1731 727 1772 fuit
758 1739 992 1781 contentus,
1030 1746 1112 1785 qua
1142 1732 1441 1786 Eurysffienes,

87 1792 324 1846 progenitor
352 1793 554 1834 maiorum
586 1808 772 1843 suorum,
810 1793 945 1835 fuerat
976 1809 1094 1835 usus:
1133 1809 1258 1847 quam
1282 1794 1353 1847 qui
1383 1794 1444 1834 in-

87 1859 229 1902 trarat,
268 1854 424 1894 nullum
457 1855 621 1910 signum
655 1855 852 1904 libidinis,
890 1855 1050 1896 nullum
1085 1855 1272 1896 luxuriae
1302 1855 1442 1896 videre

86 1923 258 1970 poterat,
291 1925 432 1958 contra
463 1933 512 1959 ea
541 1918 718 1973 plurima
747 1919 968 1973 patientiae
1000 1926 1122 1972 atque
1148 1918 1440 1968 abstinentiac3

87 1978 146 2018 sic
170 1978 278 2019 enim
303 1979 513 2030 instructa,
547 1988 591 2021 ut
614 1981 657 2021 in
681 1981 794 2022 nulla
816 1996 860 2022 re
885 1981 1066 2022 differret
1093 1981 1274 2022 cuiusvis
1306 1980 1440 2035 inopis

87 2049 208 2093 atque
233 2042 393 2095 privati.

156 2101 276 2143 VIH.
314 2102 454 2158 Atque
481 2104 546 2145 hic
565 2111 702 2146 tantus
724 2105 785 2145 vir
803 2111 847 2145 ut
866 2111 1052 2146 naturam
1075 2104 1290 2145 fautricem
1310 2104 1441 2146 habu-

87 2170 173 2204 erat
197 2164 237 2205 in
269 2165 495 2207 tribuendis
521 2167 646 2208 animi
671 2167 910 2218 virtutibus,
945 2168 1003 2208 sic
1034 2167 1263 2208 maleficam
1293 2174 1438 2208 nactus

86 2233 149 2266 est
183 2226 225 2266 in
256 2242 424 2282 corpore
460 2229 667 2284 fingendo.
716 2246 812 2271 nam
843 2237 883 2271 et
920 2237 1075 2271 statura
1106 2229 1183 2270 fuit
1219 2229 1363 2270 humili
1399 2238 1439 2270 ct

86 2301 255 2341 corpore
292 2290 443 2344 exiguo
475 2298 515 2331 et
550 2291 721 2332 claudus
753 2292 880 2333 altero
916 2292 1033 2347 pede.
1077 2306 1182 2345 quae
1212 2306 1277 2332 res
1315 2291 1437 2331 ctiam

86 2349 320 2390 nonnullam
364 2351 562 2393 afferebat
599 2353 918 2403 deformitatem,
958 2361 1080 2407 atque
1121 2353 1251 2408 ignoti
1287 2353 1437 2393 faciem

86 2410 172 2451 eius
210 2425 304 2452 cum
340 2412 610 2463 intuerentur,
654 2415 989 2465 contcnmebant3
1026 2415 1097 2469 qui
1133 2422 1270 2456 autem
1308 2415 1436 2455 virtu-

85 2479 146 2513 tes
178 2482 394 2523 noverant,
425 2490 508 2515 non
544 2483 732 2529 poterant
763 2477 953 2517 admirari
986 2477 1098 2518 satis.
1147 2477 1257 2530 quod
1289 2476 1325 2517 ei
1359 2491 1435 2516 usu

84 2534 213 2583 venit,
252 2550 345 2575 cum
383 2552 582 2577 annornm
619 2538 829 2592 octoginta
873 2538 1058 2578 subsidio
1094 2538 1237 2578 Tacho
1273 2538 1314 2578 in
1352 2537 1437 2577 Ae-

82 2604 256 2650 gyptum
294 2597 407 2638 iisset
438 2607 478 2639 et
509 2598 550 2638 in
580 2608 671 2639 acta
702 2615 795 2639 cum
827 2600 911 2640 suis
943 2599 1204 2640 accubuisset
1235 2599 1322 2640 sine
1354 2599 1437 2639 ullo

85 2665 190 2699 tecto
224 2667 478 2713 stratumque
509 2660 676 2702 haberet
710 2661 807 2710 talc,
845 2672 889 2701 ut
920 2669 1026 2702 terra
1056 2668 1162 2701 tecta
1192 2671 1300 2702 esset
1334 2668 1438 2702 stra-

83 2721 249 2771 mentis,
295 2736 427 2776 ncquc
469 2722 549 2764 huc
587 2723 762 2778 amplius
806 2739 928 2777 quam
970 2723 1089 2778 pellis
1127 2730 1237 2764 essct
1272 2723 1434 2771 iniecta,

1478 1126 1488 1153 l

1472 1312 1488 1339 2

1462 2489 1480 2517 10
