1741 3184
669 199 849 235 CONON.
1381 191 1435 231 29

81 274 203 316 bulus
228 288 361 328 neque
386 273 561 327 amplius
586 273 817 325 requisivit,
849 288 982 327 neque
1007 288 1256 328 quemquam
1279 274 1432 315 honore

83 351 127 377 se
146 336 416 377 antecessisse
435 334 695 375 existimavit.
721 334 787 374 hic
807 336 994 387 sequenti
1011 342 1192 390 tempore
1211 351 1304 376 cum
1316 350 1434 390 prae-
1459 350 1478 379 4

82 404 145 439 tor
169 398 344 438 classem
367 396 420 436 ad
446 394 636 436 Ciliciam
660 395 904 449 appulisset,
930 411 1064 449 neque
1090 397 1188 437 satis
1220 397 1437 452 diligenter

81 459 123 499 in
143 458 286 500 castris
306 457 393 498 eius
413 462 632 511 agerentur
644 456 822 511 vigiliae,
843 472 867 497 a
880 456 1064 497 barbaris
1085 471 1136 497 ex
1149 458 1300 512 oppido
1313 464 1437 499 noctu

82 520 293 575 eruptione
317 518 428 560 facta
450 518 494 559 in
518 517 782 559 tabernaculo
806 517 1046 559 interfectus
1072 524 1147 559 est.

556 663 640 705 IX.
697 662 967 706 CONON.

147 766 182 807 Ι.
221 765 387 816 Conon,
413 764 700 815 Atheniensis,
726 765 1030 820 Peloponnesio
1054 764 1163 807 bello
1188 764 1362 806 accessit
1386 765 1439 806 ad
1466 782 1480 810 1

81 842 168 868 rem
198 827 425 882 publicam,
462 827 505 868 in
536 841 666 880 eoque
697 827 785 868 eius
817 842 941 882 opera
970 827 1111 882 magni
1140 827 1230 868 fuit.
1273 842 1369 868 nam
1400 833 1440 868 et

83 896 249 943 praetor
265 888 525 943 pedestribus
546 888 792 930 exercitibus
811 888 990 943 praefuit
1014 895 1054 929 et
1081 888 1314 943 praefectus
1336 888 1440 929 clas-

83 951 139 992 sis
164 966 338 1006 magnas
368 965 434 991 res
465 951 568 991 mari
591 950 733 1005 gessit.
774 964 877 1003 quas
909 950 962 991 ob
993 964 1163 991 caussas
1193 949 1438 1004 praecipuus

83 1013 119 1052 ei
145 1012 276 1053 honos
301 1011 465 1052 habitus
492 1018 566 1052 est.
604 1025 781 1064 namque
807 1011 997 1052 omnibus
1023 1026 1129 1051 unus
1154 1011 1299 1051 insulis
1323 1024 1442 1064 prae-

81 1073 177 1114 fuit:
202 1073 246 1113 in
269 1087 351 1126 qua
374 1079 576 1127 potestate
600 1071 759 1113 Pheras
786 1073 905 1126 cepit,
932 1072 1134 1113 coloniam
1158 1072 1442 1112 Lacedaemo-

81 1135 255 1176 niorum.
303 1134 381 1174 fuit
411 1134 534 1175 etiam
565 1143 749 1174 extremo
778 1133 1084 1188 Peloponnesio
1120 1133 1228 1175 bello
1263 1139 1438 1187 praetor,

81 1212 176 1238 curn
201 1196 312 1251 apud
331 1195 475 1252 Aegos
495 1196 649 1236 flumen
674 1196 816 1251 copiae
835 1195 1154 1237 Atheniensium
1175 1211 1199 1236 a
1217 1195 1441 1250 Lysandro

83 1265 179 1299 sunt
197 1258 395 1299 devictae.
433 1258 506 1299 sed
531 1264 618 1298 tum
637 1258 752 1307 afuit,
779 1272 910 1311 eoque
929 1258 1048 1313 peius
1073 1273 1139 1299 res
1159 1257 1442 1298 administrata

83 1327 157 1362 est.
194 1336 291 1361 nam
316 1326 356 1361 et
379 1320 559 1374 prudens
584 1320 643 1361 rei
673 1320 858 1361 militaris
884 1327 924 1361 et
948 1321 1123 1375 diligens
1157 1327 1243 1361 erat
1266 1320 1443 1374 impera-

83 1388 157 1423 tor.
194 1382 332 1435 itaque
357 1381 511 1422 nemini
535 1388 622 1422 erat
645 1381 710 1422 his
736 1382 989 1436 temporibus
1016 1381 1206 1431 dubium,
1239 1382 1275 1422 si
1299 1381 1441 1422 affuis-
1467 1398 1485 1426 3

84 1450 158 1492 set,
184 1443 296 1484 illam
320 1442 601 1484 Athenienses
627 1443 902 1484 calamitatem
927 1449 1166 1497 accepturos
1192 1458 1275 1484 non
1298 1442 1440 1483 fuisse.

149 1505 207 1546 H.
244 1504 387 1546 Rebus
413 1511 551 1545 autem
580 1505 744 1546 afflictis
776 1519 870 1546 cum
899 1505 1074 1559 patriam
1098 1504 1278 1546 obsideri
1303 1504 1441 1545 audis·
1468 1521 1482 1548 1

85 1574 164 1616 set,
197 1582 280 1608 non
310 1567 531 1620 quaesivit,
563 1566 635 1607 ubi
659 1566 748 1620 ipse
773 1572 860 1607 tuto
885 1566 1059 1615 viveret,
1093 1566 1166 1607 sed
1192 1566 1300 1606 unde
1324 1580 1443 1619 prae-

85 1629 188 1669 sidio
212 1635 353 1682 posset
377 1643 468 1669 esse
494 1627 653 1668 civibus
680 1628 778 1668 suis.
814 1627 952 1680 itaque
979 1627 1148 1668 contulit
1174 1642 1216 1668 se
1243 1627 1295 1667 ad
1312 1627 1443 1667 Phar-

84 1690 301 1739 nabazum,
329 1696 534 1744 satrapem
553 1689 694 1730 Ioniae
720 1695 760 1729 et
778 1689 941 1743 Lydiae
962 1689 1219 1741 eundemque
1244 1702 1442 1742 generum

83 1751 192 1806 regis
219 1758 257 1791 et
276 1751 565 1805 propinquum,
592 1750 703 1804 apud
721 1765 845 1803 quem
864 1756 907 1790 ut
926 1750 1101 1790 multum
1125 1749 1257 1804 gratia
1275 1749 1441 1798 valeret,

84 1812 213 1852 multo
242 1811 382 1852 labore
413 1811 636 1864 multisque
667 1811 803 1852 effecit
828 1811 1033 1865 periculis.
1071 1827 1167 1851 nam
1192 1825 1285 1851 cum
1309 1811 1444 1851 Lace-

84 1874 288 1914 daemonii
318 1873 646 1914 Atheniensibus
678 1873 850 1914 devictis
881 1873 924 1913 in
956 1873 1150 1914 societate
1185 1887 1269 1914 non
1304 1887 1444 1912 mane-

82 1941 191 1985 rent,
217 1950 342 1989 quam
367 1950 461 1976 cum
485 1934 718 1976 Artaxerxe
744 1935 938 1984 fecerant,
964 1935 1292 1990 Agesilaumque
1318 1934 1445 1975 bella-

84 2004 172 2037 tum
195 1997 405 2038 misissent
433 1997 477 2037 in
500 1997 667 2046 Asiam,
699 1997 879 2037 maxime
909 1997 1077 2051 impulsi
1101 2012 1125 2037 a
1149 1996 1441 2051 Tissapherne,

84 2059 155 2112 qui
181 2074 233 2100 ex
256 2059 410 2100 intimis
429 2059 540 2114 regis
566 2059 617 2100 ab
643 2059 822 2100 amicitia
842 2060 928 2100 eius
949 2059 1156 2100 defecerat
1181 2064 1221 2099 et
1246 2073 1339 2099 cum
1357 2059 1444 2098 La-

85 2121 359 2162 cedaemoniis
385 2121 536 2162 coierat
561 2121 818 2170 societatem,
845 2121 955 2162 hunc
980 2121 1178 2162 adversus
1204 2119 1444 2161 Pharnaba-

86 2197 158 2223 zus
183 2181 348 2223 habitus
375 2189 437 2223 est
460 2183 699 2237 imperator,
724 2197 768 2224 re
794 2183 960 2236 quidem
985 2197 1083 2224 vera
1107 2182 1304 2223 exercitui
1326 2196 1444 2236 prae-

82 2242 163 2282 fuit
183 2242 342 2293 Conon,
369 2244 540 2297 eiusque
560 2244 698 2285 omnia
717 2244 883 2285 arbitrio
901 2251 1021 2299 gesta
1040 2250 1146 2285 sunt.
1183 2244 1250 2285 hie
1268 2243 1443 2284 multum
1470 2257 1488 2286 3

84 2304 233 2344 ducem
254 2319 474 2354 summum,
494 2305 753 2360 Agesilaum,
773 2306 1000 2360 impedivit,
1023 2320 1227 2360 saepeque
1247 2306 1333 2346 eius
1348 2320 1444 2346 con-

87 2364 188 2405 siliis
224 2364 400 2414 obstitit3
436 2380 569 2419 neque
599 2381 697 2407 vero
732 2382 815 2408 non
850 2368 929 2408 fuit
958 2374 1162 2421 apertum,
1201 2367 1236 2408 si
1265 2367 1332 2408 ille
1362 2381 1444 2407 non
1469 2380 1487 2409 4

86 2426 247 2475 fuisset,
273 2425 520 2481 Agesilaum
540 2426 688 2468 Asiam
708 2428 846 2469 Tauro
871 2435 990 2469 tenus
1015 2429 1104 2483 regi
1128 2428 1258 2469 fuisse
1283 2434 1444 2482 ereptu-

85 2502 189 2527 rum.
227 2488 298 2540 qui
322 2494 591 2541 posteaquam
611 2489 779 2529 domum
798 2504 822 2529 a
841 2489 926 2530 suis
947 2489 1106 2530 civibus
1125 2496 1341 2529 revocatus
1367 2495 1442 2537 est,

85 2550 197 2602 quod
215 2549 363 2590 Boeoti
388 2555 428 2590 et
444 2548 724 2591 Athenienses
744 2550 1089 2591 Lacedaemoniis
1108 2549 1262 2591 bellum
1286 2550 1444 2590 indixe-

85 2619 194 2661 rant,
229 2611 377 2653 Conon
406 2612 533 2653 nihilo
565 2613 700 2653 secius
726 2613 836 2666 apud
861 2612 1091 2667 praefectos
1115 2612 1225 2667 regis
1250 2612 1444 2654 versaba-

86 2680 153 2714 tur
175 2673 322 2728 hisque
347 2673 538 2715 omnibus
564 2689 716 2729 magno
741 2680 827 2715 erat
850 2674 956 2716 usui.

1466 1151 1483 1179 10

1469 1829 1486 1856 [ὗ
