1788 3200
318 193 370 234 28
757 194 999 230 CORNELII
1019 193 1239 230 NEPOTIS

315 276 416 318 nihil
446 275 488 315 in
517 272 624 314 bello
655 276 842 326 oportere
873 270 1096 319 contemni,
1127 284 1259 324 neque
1291 270 1378 311 sine
1404 284 1552 312 caussa
1576 272 1669 322 dici,

271 353 292 381 4
317 344 489 378 matrem
507 334 638 375 timidi
661 333 758 374 flere
776 347 859 374 non
884 332 1026 374 solere.
1063 347 1196 386 neque
1221 340 1358 373 tamen
1381 347 1455 387 pro
1480 334 1671 388 opinione

317 397 570 452 Thrasybuli
594 402 739 437 auctae
764 400 859 436 sunt
883 409 996 449 opes.
1034 410 1130 435 narn
1154 394 1237 435 iam
1261 400 1349 435 tum
1373 395 1452 436 illis
1479 396 1672 450 tempori-

315 460 393 501 bus
424 459 573 500 fortius
604 457 703 499 boni
733 471 807 511 pro
837 456 1025 497 libertate
1055 455 1328 509 loquebantur
1357 471 1482 510 quam
1512 471 1672 512 pugna-

262 537 289 565 -5
314 521 426 563 bant.
474 520 570 561 hinc
599 519 643 560 in
671 518 868 560 Piraeum
902 517 1063 559 transiit
1091 517 1447 572 Munychiamque
1483 519 1669 560 munivit.

314 584 422 624 hanc
446 582 509 624 bis
535 580 697 636 tyranni
721 593 962 635 oppugnare
994 585 1089 620 sunt
1113 579 1244 620 adorti
1269 579 1321 620 ab
1347 594 1476 633 eaque
1502 580 1673 634 turpiter

315 645 469 700 repulsi
493 643 679 699 protinus
704 642 748 683 in
770 641 915 683 urbem
947 641 1071 682 armis
1095 641 1482 696 impedimentisque
1508 641 1671 682 amissis

274 723 292 751 6
318 707 571 762 refugerunt.
619 720 721 746 usus
753 710 816 745 est
846 702 1134 757 Thrasybulus
1166 718 1249 743 non
1284 703 1419 744 minus
1456 703 1673 758 prudentia

274 1032 289 1060 λ1

274 1587 291 1615 Ks'a

315 785 441 823 quam
464 767 716 809 fortitudine.
751 780 849 806 nam
874 765 1066 805 cedentes
1087 764 1230 805 violari
1253 765 1400 805 vetuit:
1427 765 1538 806 cives
1563 765 1672 806 enim

315 830 474 872 civibus
493 842 662 884 parcere
681 841 859 880 aequum
878 824 1084 866 censebat.
1110 839 1244 878 neque
1264 825 1484 879 quisquam
1503 832 1566 866 est
1584 826 1674 866 vul-

315 898 500 941 neratus,
526 889 606 931 nisi
630 889 701 942 qui
724 888 836 943 prior
859 886 1104 941 impugnare
1129 887 1270 928 voluit.
1307 886 1515 927 neminem
1538 886 1674 928 iacen-

315 961 398 996 tem
422 959 536 995 veste
563 951 771 1007 spoliavit3
796 949 854 990 nil
878 949 1030 1004 attigit,
1055 948 1135 990 nisi
1159 964 1290 999 arma,
1317 963 1492 1002 quorum
1516 948 1674 1004 indige-

317 1017 406 1065 bat,
439 1029 627 1069 quaeque
659 1014 712 1054 ad
741 1013 897 1054 vietum
926 1010 1197 1066 pertinebant.
1234 1011 1277 1051 in
1308 1010 1489 1051 secundo
1519 1010 1674 1065 proelio

317 1079 464 1120 cecidit
489 1076 660 1125 Critias,
687 1075 771 1115 dux
796 1081 1082 1129 tyrannorum,
1109 1087 1204 1113 cum
1229 1072 1395 1126 quidem
1421 1073 1673 1114 exadversus

318 1138 626 1194 Thrasybulum
651 1136 874 1178 fortissime
898 1141 1113 1190 pugnaret.

384 1202 466 1244 III.
503 1201 599 1242 Hoc
631 1200 788 1240 deiecto
818 1197 1049 1238 Pausanias
1080 1196 1193 1237 venit
1215 1195 1367 1238 Atticis
1399 1196 1570 1246 auxilio,
1602 1211 1675 1237 rex

317 1262 757 1305 Lacedaemoniorum.
794 1260 829 1300 is
854 1260 960 1300 inter
985 1258 1295 1313 Thrasybulum
1326 1266 1366 1300 et
1391 1274 1480 1308 eos,
1513 1258 1584 1312 qui
1609 1274 1676 1299 ur·-

317 1326 412 1367 bem
430 1324 635 1372 tenebant,
662 1322 761 1363 fecit
778 1336 936 1376 pacem,
963 1321 1026 1361 his
1053 1320 1373 1362 conditionibus:
1400 1335 1450 1361 ne
1470 1321 1541 1374 qui
1558 1335 1676 1375 prae-

318 1395 379 1430 ter
402 1388 569 1442 triginta
593 1393 788 1440 tyrannos
814 1389 855 1424 et
879 1384 1035 1432 decem,
1062 1384 1132 1436 qui
1156 1389 1300 1437 postea
1317 1389 1525 1438 praetores
1551 1383 1676 1423 creati

318 1449 538 1504 superioris
568 1462 681 1488 more
712 1445 962 1487 crudelitatis
995 1451 1109 1485 erant
1134 1445 1215 1494 usi,
1248 1444 1509 1485 afficerentur
1539 1444 1675 1494 exilio,

317 1526 421 1552 neve
453 1511 560 1551 bona
589 1509 913 1564 publicarentur3
949 1506 1008 1547 rei
1038 1506 1227 1561 publicae
1262 1506 1493 1561 procuratio
1522 1506 1676 1561 populo

317 1574 566 1615 redderetur.
602 1572 859 1628 praeclarum
883 1570 962 1611 hoc
987 1583 1151 1623 quoque
1177 1568 1447 1623 Thrasybuli,
1479 1569 1588 1622 quod
1614 1583 1678 1609 re-

318 1636 533 1677 conciliata
562 1650 682 1690 paee,
715 1649 809 1674 cum
838 1632 1061 1687 plurimum
1085 1631 1128 1672 in
1158 1630 1321 1672 civitate
1350 1636 1510 1685 posset,
1541 1630 1677 1685 legem

318 1699 426 1747 tulit,
459 1713 509 1738 ne
535 1698 627 1750 quis
654 1703 747 1737 ante
772 1702 956 1736 actarum
986 1709 1122 1734 rerum
1153 1699 1415 1734 accusaretur
1444 1707 1548 1733 neve
1573 1692 1679 1732 mul-

275 1774 292 1801 3
319 1767 489 1809 tarctur;
509 1774 681 1812 eamque
700 1758 759 1799 illi
777 1757 995 1798 oblivionis
1016 1755 1283 1810 appellarunt.
1310 1769 1444 1807 neque
1462 1769 1559 1795 vero
1572 1754 1678 1795 hanc

277 2268 294 2296 ἰὺ

279 2703 296 2728 3

319 1829 477 1862 tantum
509 1821 722 1861 ferendam
754 1818 928 1867 curavit,
963 1817 1035 1859 sed
1067 1817 1207 1866 etiam,
1245 1823 1289 1857 ut
1318 1816 1490 1865 valeret,
1528 1816 1676 1856 effecit.

319 1899 415 1924 nam
435 1898 528 1924 cum
542 1882 709 1935 quidam
729 1896 779 1922 ex
798 1880 861 1929 iis,
888 1879 959 1932 qui
979 1878 1100 1919 simul
1121 1893 1214 1919 cum
1233 1892 1280 1918 eo
1300 1877 1341 1918 in
1361 1877 1481 1918 exilio
1501 1876 1677 1926 fuerant,

321 1946 489 1986 caedem
503 1945 639 1985 facere
658 1958 799 1984 eorum
812 1942 975 1990 vellent,
991 1955 1084 1981 cum
1098 1940 1246 1993 quibus
1261 1939 1303 1980 in
1315 1939 1489 1994 gratiam
1503 1939 1679 1979 reditum

319 2015 405 2048 crat
422 2007 597 2062 publice,
623 2005 832 2060 prohibuit
849 2011 889 2045 et
907 2003 961 2053 id,
988 2003 1099 2056 quod
1116 2002 1320 2056 pollicitus
1341 2007 1437 2050 erat,
1463 2001 1677 2055 praestitit.

386 2068 462 2110 IV.
500 2068 613 2109 Huic
643 2082 716 2122 pro
748 2067 870 2108 tantis
902 2065 1056 2106 meritis
1092 2064 1259 2105 honoris
1291 2078 1442 2105 corona
1472 2079 1496 2104 a
1525 2062 1678 2117 populo

321 2132 416 2171 data
441 2137 515 2179 est,
542 2130 652 2170 facta
670 2128 831 2169 duabus
851 2127 1021 2182 virgulis
1042 2126 1254 2181 oleaginis,
1281 2140 1405 2179 quam
1430 2126 1541 2178 quod
1566 2140 1680 2166 amor

321 2193 472 2234 civium
492 2199 531 2232 ct
549 2207 631 2232 non
651 2191 712 2232 vis
734 2200 1004 2245 expresserat,
1025 2189 1178 2229 nullam
1199 2187 1342 2229 habuit
1355 2187 1550 2227 invidiam
1565 2202 1680 2241 mag-

321 2269 455 2308 naque
480 2254 558 2294 fuit
582 2253 724 2309 gloria.
762 2253 867 2294 bene
894 2266 991 2307 ergo
1011 2251 1197 2292 Pittacus
1221 2250 1301 2299 ille,
1328 2249 1399 2302 qui
1420 2247 1500 2304 [in]
1522 2255 1680 2303 septem

321 2317 552 2371 sapientum
582 2330 753 2356 numero
784 2321 846 2356 est
876 2313 1062 2363 habitus,
1096 2327 1190 2354 cum
1215 2311 1459 2367 Mytilenaei
1484 2311 1521 2351 ei
1552 2310 1680 2350 multa

320 2379 432 2419 milia
445 2378 633 2433 iugerum
652 2377 740 2433 agri
754 2391 924 2417 munera
942 2376 1096 2424 darent,
1120 2374 1293 2425 „Nolite,
1314 2388 1385 2414 oro
1399 2374 1513 2422 vos,“
1535 2372 1678 2426 inquit,

322 2441 390 2491 „id
415 2441 515 2481 mihi
539 2440 655 2489 dare,
682 2440 793 2493 quod
818 2438 935 2479 multi
960 2437 1189 2486 invideant,
1215 2436 1354 2491 plures
1380 2435 1503 2476 etiam
1530 2448 1681 2475 concu-

320 2503 500 2558 piscant:
526 2516 652 2556 quare
678 2517 729 2542 ex
753 2501 842 2542 istis
868 2500 962 2541 nolo
988 2499 1164 2553 amplius
1183 2513 1309 2552 quam
1334 2503 1499 2539 centurn
1523 2496 1678 2550 iugera,

321 2579 428 2618 quac
460 2570 500 2605 et
529 2578 664 2605 meam
702 2563 827 2604 animi
863 2562 1113 2616 aequitatem
1143 2567 1183 2601 et
1215 2566 1393 2601 vestram
1428 2558 1679 2599 voluntatem

322 2627 519 2675 imliccnt3
555 2641 651 2666 nam
676 2640 804 2680 parva
827 2639 999 2665 munera
1029 2623 1203 2672 diutina,
1234 2620 1453 2675 locupletia
1482 2633 1563 2659 non
1587 2632 1681 2672 pro-

322 2689 410 2742 pria
434 2702 525 2729 csse
545 2690 833 2729 consuerunt.“
860 2686 930 2727 illa
949 2685 1074 2740 igitur
1092 2699 1243 2726 corona
1262 2687 1477 2724 contentus
1497 2679 1680 2733 Thrasy·
1715 2692 1717 2694 ·
