1788 3200
263 282 275 309 1

260 711 278 739 3

263 1943 281 1971 Ν)

265 2188 283 2217 02

308 184 362 225 84
751 182 993 219 CORNELII
1011 181 1222 218 NEPOTIS

372 264 452 305 ΙΙΙ.
490 263 541 302 In
560 258 751 302 omnibus
776 257 900 299 rebus
928 257 1127 313 singulari
1151 257 1229 299 suit
1254 258 1467 299 industria.
1505 274 1601 300 nam
1620 266 1659 300 ct

304 324 484 381 agricola
515 322 678 371 sollers,
712 327 752 362 et
778 319 856 376 [rei
880 318 1088 375 publicae]
1114 320 1271 375 peritus
1301 320 1401 361 iuris
1432 320 1657 370 consultus,

304 394 345 428 et
367 399 543 441 magnus
568 384 802 439 imperator,
829 388 870 423 et
886 381 1110 437 probabilis
1131 388 1279 431 orator,
1306 388 1346 422 et
1365 382 1658 437 cupidissimus

303 449 529 490 litterarum
564 445 655 487 fuit.
704 459 878 499 quarum
915 443 1097 485 studium
1134 443 1213 485 etsi
1248 444 1385 486 senior
1419 444 1658 499 arripuerat,

303 517 442 552 tamen
478 514 636 550 tantum
671 520 939 562 progressum
974 505 1091 554 fecit,
1134 512 1180 546 ut
1215 521 1299 547 non
1334 505 1455 547 facile
1492 505 1660 560 reperiri

302 572 435 627 possit
457 584 590 625 neque
615 570 666 610 de
693 566 865 611 Graecis
890 581 1024 620 neque
1050 567 1100 607 de
1126 567 1282 608 Italicis
1307 567 1451 616 rebus,
1487 567 1598 621 quod
1622 566 1659 606 ci

304 633 428 675 fuerit
473 631 741 686 incognitum.
800 629 852 670 ab
895 628 1173 670 adolescentia
1221 628 1398 669 confecit
1438 628 1657 670 orationes.

305 709 433 736 senex
455 693 647 734 historias
668 690 845 732 scribere
869 688 1059 730 instituit.
1098 703 1239 729 earum
1259 696 1354 730 sunt
1371 689 1465 731 libri
1490 699 1660 744 septem.

301 757 459 811 primus
485 755 666 796 continet
688 767 754 794 res
779 758 920 808 gestas
945 766 1091 807 regum
1115 751 1259 806 populi
1282 752 1481 801 Romani,
1515 767 1661 794 secun-

301 818 381 859 dus
407 826 447 858 et
476 815 638 864 tertius,
669 814 780 855 unde
811 827 999 867 quaeque
1030 813 1175 854 civitas
1208 819 1294 854 orta
1329 813 1381 854 sit
1410 813 1573 854 Italica:
1609 813 1661 854 ob

303 894 429 934 quam
458 893 546 920 rem
575 891 718 919 omnes
746 874 942 931 Origines
968 875 1131 916 videtur
1161 875 1407 930 appellasse.
1445 875 1488 916 in
1516 881 1662 929 quarto

305 948 442 983 autem
465 940 620 983 bellum
632 939 860 981 Poenicum
886 943 949 980 est
971 937 1165 993 primum,
1191 938 1234 978 in
1252 937 1395 992 quinto
1421 938 1660 979 secundum.

305 1011 427 1058 atque
451 1003 553 1044 haec
573 1001 711 1044 omnia
735 1000 990 1056 capitulatim
1016 1006 1111 1041 sunt
1135 999 1256 1041 dicta.
1291 999 1531 1054 reliquaque
1555 999 1664 1040 bella

303 1066 393 1121 pari
416 1065 539 1106 modo
563 1069 804 1119 persecutus
830 1068 893 1104 est
917 1076 1049 1116 usque
1075 1061 1127 1102 ad
1151 1067 1385 1116 praeturam
1407 1060 1542 1103 Servii
1563 1059 1664 1103 Gal-

305 1128 395 1177 bae,
422 1126 493 1181 qui
517 1125 684 1181 diripuit
707 1125 950 1166 Lusitanos.
988 1130 1110 1177 atque
1135 1123 1283 1164 horum
1307 1123 1510 1165 bellorum
1534 1123 1662 1164 duces

305 1204 389 1231 non
412 1187 652 1237 nominavit,
681 1187 754 1227 sed
780 1186 866 1227 sine
891 1185 1127 1227 nominibus
1153 1200 1218 1227 res
1243 1185 1412 1226 notavit.
1448 1185 1490 1226 in
1514 1184 1663 1226 iisdem

307 1250 510 1305 exposuit,
537 1263 643 1302 quae
666 1248 710 1289 in
728 1248 849 1289 Italia
867 1247 1168 1302 Hispaniisque
1194 1253 1264 1288 aut
1287 1247 1432 1288 fierent
1456 1253 1526 1288 aut
1549 1247 1664 1287 vide-

305 1318 447 1353 rentur
470 1310 722 1352 admiranda.
764 1309 807 1350 in
831 1309 983 1363 quibus
1009 1309 1138 1350 multa
1161 1309 1362 1349 industria
1387 1315 1427 1350 et
1451 1308 1664 1363 diligentia

308 1380 530 1428 comparet,
561 1372 675 1413 nulla
698 1371 897 1413 doctrina.
939 1371 1063 1411 huius
1089 1371 1140 1411 de
1164 1370 1250 1411 vita
1275 1377 1315 1411 et
1337 1370 1521 1412 moribus
1545 1370 1665 1425 plura

306 1436 350 1476 in
374 1450 423 1476 eo
453 1434 558 1476 libro
581 1434 787 1489 persecuti
812 1448 977 1483 sumus,
1010 1447 1133 1487 quem
1161 1432 1383 1488 separatim
1415 1433 1466 1473 de
1491 1446 1539 1473 eo
1563 1431 1665 1473 feci-

306 1511 398 1539 mus
423 1503 572 1552 rogatu
590 1496 675 1537 Titi
693 1495 915 1550 Pomponii
933 1494 1076 1537 Attici.
1114 1509 1241 1549 quare
1267 1494 1475 1537 studiosos
1491 1493 1663 1536 Catonis

307 1559 360 1601 ad
383 1559 485 1601 illud
508 1558 703 1601 volumen
728 1558 982 1614 delegamus.

465 1705 617 1747 XXV.
667 1705 718 1746 T.
750 1704 1156 1747 POMPONIUS
1189 1703 1510 1746 ATTICUS.

374 1807 409 1847 Ι.
447 1806 496 1848 T.
517 1806 774 1861 Pomponius
793 1805 973 1856 Atticus,
1000 1806 1052 1848 ab
1078 1806 1234 1861 origine
1260 1806 1404 1847 ultima
1430 1805 1566 1860 stirpis
1580 1805 1664 1846 Ro-

307 1882 453 1910 manae
483 1874 722 1923 generatus,
760 1874 958 1923 perpetuo
990 1883 1014 1909 a
1038 1868 1263 1909 maioribus
1295 1874 1507 1922 acceptam
1540 1881 1664 1919 eque-

310 1936 435 1971 strem
453 1929 629 1971 obtinuit
653 1929 907 1985 dignitatem.
944 1936 1059 1984 patre
1083 1944 1184 1971 usus
1206 1935 1268 1970 est
1286 1929 1482 1984 diligente
1510 1927 1664 1983 [indul-

308 1989 449 2046 gente]
470 1997 522 2040 et,
548 1997 593 2032 ut
612 1997 700 2031 tum
719 1997 834 2032 erant
852 1997 1048 2046 tempora,
1079 1991 1152 2031 diti
1171 1991 1213 2031 in
1231 1991 1458 2045 primisque
1479 1990 1664 2030 studioso

307 2053 545 2094 litterarum.
582 2052 661 2102 hic,
682 2059 802 2107 prout
820 2053 909 2107 ipse
929 2052 1095 2094 amabat
1113 2053 1281 2102 litteras,
1302 2052 1495 2093 omnibus
1515 2051 1664 2092 doctri-

308 2114 385 2163 nis,
412 2114 563 2167 quibus
589 2114 757 2169 puerilis
789 2121 902 2155 aetas
934 2115 1131 2169 impertiri
1156 2113 1291 2164 debet,
1318 2114 1448 2154 filium
1474 2112 1662 2154 erudivit.

309 2181 394 2216 erat
429 2182 567 2217 autem
602 2176 645 2216 in
680 2190 809 2231 puero
839 2183 1001 2230 praeter
1032 2176 1281 2217 docilitatem
1312 2175 1469 2231 ingenii
1502 2189 1666 2215 summa

310 2236 492 2278 suavitas
524 2237 605 2279 oris
637 2252 685 2279 ac
715 2238 847 2287 vocis,
880 2244 925 2278 ut
954 2253 1037 2279 non
1069 2238 1203 2279 solum
1234 2238 1419 2279 celeriter
1449 2237 1664 2291 acciperet,

309 2313 414 2352 quae
439 2299 716 2349 tradebantur,
744 2300 817 2341 sed
843 2300 965 2340 etiam
985 2300 1232 2341 excellenter
1254 2299 1550 2354 pronuntiaret.
1584 2312 1666 2351 qua

310 2375 362 2401 ex
385 2375 429 2402 re
452 2361 496 2402 in
519 2361 694 2416 pueritia
723 2361 873 2403 nobilis
905 2362 1010 2402 inter
1039 2361 1233 2415 aequales
1264 2361 1474 2402 ferebatur
1498 2360 1667 2401 elarius-

309 2436 388 2476 que
419 2423 805 2478 exsplendescebat,
843 2438 968 2477 quam
997 2424 1190 2479 generosi
1221 2423 1494 2478 condiscipuli
1529 2422 1666 2463 animo

310 2498 442 2538 aequo
472 2484 579 2526 ferre
608 2491 792 2539 possent.
840 2485 979 2538 itaque
1009 2485 1207 2527 incitabat
1233 2499 1375 2527 omnes
1409 2484 1544 2525 studio
1571 2498 1665 2532 su03

309 2560 390 2598 quo
421 2546 464 2587 in
493 2561 666 2588 numero
697 2547 864 2588 fuerunt
893 2548 947 2588 L.
974 2547 1232 2601 Torquatus,
1267 2546 1316 2589 C.
1342 2546 1505 2588 Marius
1541 2545 1664 2593 filius,

310 2607 370 2648 M.
399 2608 565 2658 Cicero,
598 2623 702 2663 quos
729 2610 1026 2652 consuetudine
1053 2625 1128 2651 sua
1159 2610 1218 2651 sic
1243 2609 1445 2659 devinxit,
1477 2614 1522 2649 ut
1544 2620 1664 2648 nemo

311 2669 374 2710 his
399 2677 597 2724 perpetuo
621 2671 744 2713 fuerit
769 2672 911 2714 carior.
