1741 3184
607 180 883 218 HANNIBAL.
1371 176 1421 216 81

73 264 231 299 tantum
267 258 365 299 satis
401 255 579 297 habeant
615 271 660 297 se
695 256 927 298 defendere.
981 258 1024 298 id
1058 258 1150 299 illos
1186 257 1306 300 facile
1342 273 1426 300 ser-

72 320 258 374 pentium
299 317 558 359 multitudine
601 324 908 359 consecuturos.
969 334 1042 360 rex
1083 326 1220 360 autem
1263 320 1305 361 in
1345 335 1427 374 qua

71 396 176 421 nave
215 380 447 428 veheretur,
489 385 534 418 ut
571 377 740 427 scirent,
779 393 822 419 se
858 379 1082 429 facturum3
1125 396 1247 434 quem
1285 382 1319 422 si
1355 388 1426 423 aut

73 443 279 497 cepissent
302 448 373 482 aut
395 439 715 490 interfecissent,
742 455 893 495 magno
917 441 981 482 his
1005 443 1221 496 pollicetur
1244 445 1426 499 praemio

72 504 173 545 fore.

139 564 223 606 XI.
261 564 356 604 Tali
375 563 654 606 cohortatione
678 564 854 605 militum
878 563 988 606 facta
1007 565 1150 606 classis
1171 565 1222 606 ab
1244 567 1425 620 utrisque

71 627 113 667 in
137 626 339 681 proelium
363 626 591 667 deducitur.
628 641 802 680 quarum
822 627 908 668 acie
928 627 1161 677 constituta,
1187 628 1426 682 priusquam

72 689 237 743 signum
261 703 427 743 pugnae
452 689 634 738 daretur,
660 687 892 738 Hannibal,
917 695 962 729 ut
985 689 1123 743 palam
1148 689 1301 730 faceret
1326 689 1424 739 suis,

73 765 155 803 quo
185 750 276 791 loco
300 750 513 792 Eumenes
539 758 666 800 esset,
700 750 958 792 tabellarium
988 751 1032 791 in
1057 751 1211 806 scapha
1241 767 1335 793 cum
1360 767 1427 793 ca-

72 812 203 853 duceo
234 812 367 853 mittit.
416 812 486 866 qui
516 812 587 854 ubi
624 812 677 853 ad
713 827 840 854 naves
877 813 1205 854 adversariorum
1241 814 1426 868 pervenit

74 874 373 928 epistolamque
399 874 619 916 ostendens
647 889 691 915 se
720 890 862 930 regem
886 875 1100 930 professus
1131 882 1194 917 est
1217 890 1425 929 quaerere,

76 935 213 976 statim
239 935 291 976 ad
315 935 547 976 Eumenem
572 936 771 978 deductus
804 942 884 986 est,
917 937 1028 990 quod
1052 952 1173 978 nemo
1198 937 1425 987 dubitabat,

72 997 172 1051 quin
191 997 347 1051 aliquid
366 998 417 1038 de
435 1012 537 1051 pace
557 1005 666 1038 esset
685 999 894 1052 scriptum.
931 999 1166 1040 tabellarius
1186 1000 1302 1040 ducis
1321 1013 1427 1040 nave

73 1059 277 1100 declarata
302 1059 387 1100 suis
413 1059 576 1108 eodem,
609 1059 718 1100 unde
749 1065 836 1100 erat
860 1074 1072 1114 egressus,
1107 1075 1150 1101 se
1174 1061 1341 1115 recepit.
1385 1067 1427 1101 at

70 1121 282 1162 Eumenes
309 1120 442 1160 soluta
466 1120 640 1174 epistola
664 1120 765 1161 nihil
789 1121 831 1161 in
850 1135 899 1162 ea
922 1122 1113 1176 repperit,
1139 1121 1219 1162 nisi
1243 1122 1355 1174 quod
1373 1122 1426 1162 ad

70 1181 322 1222 irridendum
346 1196 441 1222 eum
464 1182 696 1236 pertineret.
734 1183 850 1224 cuius
877 1183 954 1223 etsi
974 1198 1164 1224 caussam
1189 1183 1424 1233 mirabatur,

71 1258 204 1297 neque
239 1243 537 1298 reperiebatur,
580 1250 718 1285 tamen
751 1245 954 1299 proelium
997 1246 1135 1287 statim
1171 1245 1425 1286 committere

70 1319 153 1346 non
189 1304 404 1346 dubitavit.
453 1304 600 1345 horum
636 1306 679 1346 in
715 1320 918 1347 concursu
953 1307 1139 1361 Bithynii
1174 1306 1424 1348 Hannibalis

70 1372 289 1420 praecepto
319 1366 500 1407 universi
536 1381 684 1407 navem
714 1366 917 1408 Eumenis
948 1369 1200 1409 adoriuntur.
1250 1383 1425 1421 quorum

71 1427 155 1468 vim
189 1442 262 1468 rex
298 1442 392 1468 cum
429 1428 630 1469 sustinere
667 1443 750 1470 non
779 1436 933 1484 posset,
971 1430 1074 1486 fuga
1105 1430 1280 1471 salutem
1309 1430 1423 1484 petit,

71 1504 196 1542 quam
231 1495 476 1531 consecutus
513 1504 596 1531 non
632 1496 758 1540 esset,
796 1491 876 1532 nisi
905 1492 1011 1532 intra
1042 1507 1117 1532 sua
1146 1492 1350 1546 praesidia
1381 1506 1425 1532 se

70 1550 306 1605 recepisset,
332 1565 438 1604 quae
457 1551 499 1591 in
521 1552 709 1606 proximo
727 1552 844 1593 litore
864 1559 978 1594 erant
997 1553 1206 1594 collocata.
1243 1553 1424 1607 reliquae

70 1611 353 1667 Pergamenae
379 1628 505 1654 naves
531 1628 626 1654 cum
651 1614 908 1656 adversarios
933 1622 1164 1669 premerent
1189 1615 1335 1664 acrius,
1361 1630 1425 1655 re-

70 1680 193 1727 pente
217 1674 259 1714 in
285 1689 354 1716 eas
380 1689 480 1716 vasa
503 1675 655 1725 fictilia,
688 1676 739 1717 de
764 1676 914 1730 quibus
941 1692 1066 1731 supra
1090 1677 1341 1718 mentionem
1365 1676 1426 1717 fe-

72 1735 218 1785 cimus,
239 1736 385 1777 coniici
403 1743 549 1791 coepta
561 1744 668 1778 sunt.
706 1752 812 1790 quae
830 1738 939 1779 iacta
956 1738 1070 1779 initio
1090 1739 1219 1779 risum
1237 1753 1426 1793 pugnan-

72 1796 181 1838 tibus
207 1797 472 1847 concitarunt,
498 1813 651 1852 neque,
678 1813 804 1852 quare
828 1800 871 1840 id
894 1799 1027 1849 fieret,
1053 1806 1214 1854 poterat
1238 1799 1424 1854 intelligi.

69 1864 288 1912 postquam
302 1865 439 1899 autem
453 1875 579 1901 naves
593 1861 818 1914 completas
833 1857 1136 1916 conspexerunt
1151 1860 1423 1915 serpentibus,

70 1934 178 1961 nova
200 1934 244 1960 re
272 1921 493 1974 perterriti,
526 1936 621 1963 cum
645 1923 745 1976 quid
767 1923 1030 1977 potissimum
1060 1923 1236 1963 vitarent
1259 1937 1343 1963 non
1367 1922 1427 1962 vi-

70 1981 230 2031 derent,
255 1996 416 2037 puppes
441 1990 650 2024 verterunt
674 1999 799 2037 seque
830 1985 882 2025 ad
913 2000 989 2025 sua
1013 1991 1147 2025 castra
1176 1984 1340 2025 nautica
1362 1998 1428 2024 re-

71 2043 262 2084 tulerunt.
300 2044 359 2085 sic
372 2043 586 2087 Hannibal
610 2046 781 2087 consilio
806 2062 920 2087 arma
931 2046 1285 2102 Pergamenorum
1304 2060 1426 2100 supc-

70 2106 187 2155 ravit,
213 2120 347 2159 neque
372 2113 460 2148 tum
480 2108 626 2158 solum,
654 2109 728 2149 sed
749 2123 871 2163 saepe
892 2108 992 2150 alias
1017 2108 1277 2163 pedestribus
1298 2108 1425 2162 copiis

70 2167 159 2222 pari
182 2168 399 2221 prudentia
422 2169 580 2223 pepulit
604 2170 875 2212 adversarios.

139 2229 246 2270 XII.
291 2229 411 2282 Quae
447 2231 547 2272 dum
582 2232 623 2272 in
648 2232 754 2273 Asia
788 2239 1005 2287 geruntur,
1044 2233 1192 2273 accidit
1227 2247 1343 2280 casu,
1381 2237 1426 2271 ut

71 2290 197 2344 legati
220 2290 394 2332 Prusiae
407 2291 565 2333 Romae
591 2294 700 2347 apud
724 2294 777 2334 L.
795 2293 1012 2346 Quintium
1025 2294 1305 2335 Flamininum
1330 2307 1426 2333 con-

73 2352 251 2393 sularem
281 2359 499 2394 coenarent
524 2360 645 2407 atque
669 2354 727 2395 ibi
751 2355 801 2395 de
826 2355 1062 2396 Hannibale
1087 2355 1293 2396 mentione
1318 2354 1427 2394 facta

72 2428 125 2454 cx
143 2413 206 2454 his
226 2429 334 2455 unus
354 2414 519 2464 diceret,
546 2430 640 2456 eum
658 2415 700 2455 in
713 2415 886 2456 Prusiae
905 2432 1032 2471 regno
1053 2431 1156 2458 csse.
1194 2417 1237 2457 id
1260 2422 1424 2470 postero

72 2475 138 2517 die
151 2475 409 2518 Flamininus
437 2478 596 2518 senatui
615 2478 769 2518 detulit.
807 2485 944 2532 patres
965 2479 1197 2533 conscripti,
1225 2478 1295 2531 qui
1308 2477 1427 2518 Han-

72 2537 208 2578 nibale
227 2539 322 2580 vivo
341 2555 567 2593 numquam
587 2555 631 2581 sc
657 2541 744 2581 sinc
763 2540 923 2581 insidiis
946 2540 1109 2582 'futuros
1130 2541 1423 2588 existimarent,

72 2599 230 2655 legatos
256 2600 298 2640 in
317 2600 556 2656 Bithyniam
583 2602 794 2651 miserunt,
821 2602 862 2642 i'n
886 2602 950 2644 his
965 2602 1257 2652 Flamininum,
1284 2602 1355 2656 qui
1373 2601 1425 2643 ab

142 2666 288 2693 Cornelius
308 2666 412 2701 Nepos.
1124 2669 1144 2702 G

1451 826 1470 855 10

1452 2061 1468 2088 7

1451 2431 1469 2459 10
