1741 3184
477 224 518 258 T.
537 221 824 259 POMPONIUS
838 221 1072 258 ATTICUS.
1397 211 1447 252 91

98 301 243 343 modis.
276 300 387 354 quod
406 298 572 353 quidem
593 297 669 338 sub
689 298 780 352 ipsa
797 297 1093 352 proscriptione
1111 295 1342 352 perillustre
1361 294 1450 336 fuit.
1479 309 1497 338 3

97 378 193 403 nam
224 377 318 403 cum
342 363 394 403 L.
424 359 601 407 Saufeii,
639 358 788 412 equitis
813 359 1008 408 Romani,
1046 359 1229 412 aequalis
1262 358 1343 408 sui,
1381 358 1454 411 qui

98 425 331 480 complures
374 437 503 464 annos
547 420 683 469 studio
725 420 873 461 ductus
914 421 1200 475 philosophiae
1240 420 1454 462 habitabat

96 486 275 527 Athenis
295 484 556 537 habebatque
575 482 617 523 in
629 482 751 523 Italia
768 482 971 536 pretiosas
990 483 1289 536 possessiones,
1311 482 1453 522 trium-

97 548 174 588 viri
197 547 306 589 bona
324 546 608 587 vendidissent
632 544 927 585 consuetudine
953 558 1014 593 ea,
1040 558 1122 597 qua
1146 549 1234 584 tum
1252 558 1317 584 res
1337 558 1455 599 gere-

96 609 258 659 bantur,
280 607 409 649 Attici
433 607 573 648 labore
598 612 721 661 atque
745 606 947 647 industria
965 605 1121 647 sactum
1146 610 1220 655 est,
1246 611 1292 645 ut
1311 605 1455 649 eodem

97 671 240 712 nuntio
267 669 463 712 Saufeius
490 669 605 710 fieret
629 668 787 718 certior,
815 682 859 709 se
882 667 1174 722 patrimonium
1199 666 1389 708 amisisse
1414 673 1455 707 et.

97 747 376 788 recuperasse.
413 732 525 773 idem
537 732 591 773 L.
605 731 759 772 Iulium
775 730 981 781 Calidum,
1007 745 1131 784 quem
1155 736 1250 785 post
1267 730 1455 770 Lucretii
1480 745 1500 773 4

100 795 336 849 Catullique
361 801 534 836 mortem
552 793 682 834 multo
702 792 1056 849 elegantissimum
1080 795 1246 847 poe‘tam
1270 797 1454 833 nostram

99 857 242 898 tulisse
262 862 439 898 aetatem
461 870 557 897 vere
575 855 718 896 videor
741 868 864 910 posse
879 854 1136 905 contendere,
1162 868 1297 908 neque
1316 854 1452 894 minus

99 919 233 959 virum
252 918 407 960 bonum
426 917 673 973 optimisque
693 916 848 958 artibus
868 916 1086 966 eruditum,
1112 930 1236 969 quem
1249 921 1343 970 post
1361 929 1456 969 pro-

101 980 364 1035 scriptionem
389 980 573 1033 equitum
602 984 770 1033 propter
793 993 966 1033 magnas
998 978 1085 1019 eius
1111 977 1334 1018 Africanas
1359 991 1456 1031 pos-

101 1043 307 1084 sessiones
332 1043 374 1083 in
398 1041 719 1097 proscriptorum
743 1055 960 1081 numerum
980 1040 1064 1081 aP.
1082 1039 1318 1087 Volumnio,
1339 1053 1457 1093 prae-

100 1104 209 1145 fecto
235 1103 399 1145 fabrum
424 1102 616 1151 Antonii,
643 1101 857 1142 absentem
881 1101 1056 1142 relatum
1087 1100 1307 1154 expedivit.
1345 1099 1456 1153 quod
1482 1115 1501 1144 5

99 1167 142 1206 in
165 1165 372 1220 praesenti
395 1170 534 1205 utrum
559 1163 596 1204 ei
620 1163 864 1204 laboriosius
890 1178 942 1203 an
966 1162 1185 1218 gloriosius
1210 1161 1352 1211 fuerit,
1379 1161 1458 1202 dif-

99 1227 206 1268 ficile
241 1226 320 1267 fuit
354 1226 548 1275 iudicare,
585 1225 697 1279 quod
730 1226 774 1266 in
810 1239 952 1266 eorum
987 1224 1180 1280 periculis
1216 1239 1300 1265 non
1337 1238 1456 1264 secus

101 1288 293 1330 absentes
330 1303 455 1342 quam
484 1294 722 1343 praesentes
755 1287 908 1329 amicos
941 1286 1083 1328 Attico
1115 1301 1205 1328 esse
1237 1300 1358 1327 curae
1390 1300 1458 1327 co-

101 1350 263 1406 gnitum
289 1357 363 1391 est.

168 1412 298 1453 XIII.
336 1411 481 1465 Neque
505 1426 602 1452 vero
626 1411 695 1452 ille
726 1411 788 1452 vir
812 1411 947 1452 minus
980 1410 1111 1451 bonus
1136 1416 1253 1464 pater
1277 1408 1454 1451 familias
1484 1424 1498 1452 1

101 1474 266 1515 habitus
292 1480 354 1515 est
379 1488 503 1527 quam
529 1473 642 1514 civis.
680 1488 776 1514 nam
802 1487 895 1514 cum
914 1479 1023 1514 esset
1046 1472 1309 1527 pecuniosus,
1336 1486 1456 1513 nemo

100 1536 169 1578 illo
194 1536 330 1577 minus
356 1535 434 1576 fuit
458 1550 591 1585 emax,
617 1535 753 1576 minus
774 1535 1021 1576 aedificator.
1058 1549 1192 1588 neque
1217 1540 1355 1575 tamen
1374 1549 1457 1575 non

100 1599 143 1639 in
167 1597 309 1653 primis
342 1597 447 1638 bene
476 1597 677 1639 habitavit
701 1596 976 1650 omnibusque
1002 1596 1166 1651 optimis
1197 1595 1321 1636 rebus
1353 1611 1454 1637 usus

101 1666 175 1701 est.
213 1675 309 1700 nam
335 1659 503 1700 domum
528 1659 672 1700 habuit
697 1660 738 1700 in
764 1659 866 1700 colle
887 1658 1090 1712 Quirinali
1110 1657 1453 1712 Tamphilianam,
1483 1671 1500 1700 2

101 1722 154 1763 ab
179 1721 383 1763 avunculo
409 1721 634 1763 hereditate
660 1721 861 1771 relictam,
889 1721 1005 1762 cuius
1031 1720 1257 1761 amoenitas
1283 1734 1365 1760 non
1389 1734 1457 1760 ae-

101 1783 250 1833 dificio,
278 1784 351 1824 sed
371 1783 474 1824 silva
493 1783 720 1824 constabat.
756 1783 893 1837 ipsum
913 1782 1022 1823 enim
1041 1788 1206 1830 tectum,
1234 1781 1457 1834 antiquitus

102 1845 389 1895 constitutum,
426 1845 519 1899 plus
557 1845 653 1886 salis
691 1859 815 1898 quam
852 1850 1040 1898 sumptus
1071 1843 1268 1892 habebat3
1304 1842 1347 1883 in
1377 1857 1459 1896 quo

101 1907 202 1948 nihil
227 1907 506 1956 commutavit,
534 1907 612 1948 nisi
638 1906 672 1948 si
698 1906 797 1960 quid
821 1912 1025 1947 vetustate
1051 1912 1217 1947 coactus
1244 1910 1318 1945 est.
1355 1919 1456 1945 usus
1483 1919 1502 1947 3

102 1976 165 2011 cst
188 1969 362 2019 familia,
396 1969 430 2011 si
454 1969 627 2010 utilitate
652 1969 919 2010 iudicandum
944 1974 1025 2017 est,
1052 1967 1225 2022 optima,
1252 1967 1287 2007 si
1311 1966 1456 2015 forma,

102 2032 173 2072 vix
197 2031 403 2072 mediocri.
442 2046 619 2085 namque
639 2031 681 2071 in
701 2046 749 2071 ea
768 2037 881 2071 erant
905 2030 1021 2085 pueri
1040 2028 1336 2078 litteratissimi,
1363 2043 1460 2069 ana-

102 2100 275 2149 gnostae
301 2093 444 2148 optimi
469 2099 508 2134 et
537 2093 703 2148 plurimi
728 2092 899 2141 librarii,
925 2098 970 2133 ut
994 2106 1045 2132 ne
1070 2092 1343 2146 pedissequus
1369 2089 1460 2143 qui-

103 2156 197 2196 dem
228 2155 448 2209 quisquam
481 2162 609 2205 esset,
647 2155 718 2208 qui
748 2170 831 2195 non
861 2160 1080 2208 utrumque
1111 2153 1258 2194 horum
1288 2151 1458 2207 pulchre

102 2217 238 2258 facere
262 2224 422 2272 posset3
453 2218 542 2272 pari
567 2218 690 2258 modo
721 2216 896 2258 artifices
922 2216 1064 2265 ceteri,
1097 2230 1200 2269 quos
1227 2214 1360 2256 cultus
1386 2213 1460 2253 do-

103 2279 300 2319 mesticus
336 2279 560 2328 desiderat,
598 2280 781 2333 apprime
817 2278 926 2320 boni.
975 2292 1108 2332 neque
1139 2284 1276 2318 tamen
1311 2275 1457 2316 horum
1484 2288 1503 2316 4

104 2354 366 2394 quemquam,
392 2340 472 2380 nisi
491 2341 602 2381 domi
622 2346 764 2380 natum
783 2340 976 2394 domique
996 2340 1152 2381 factum
1171 2338 1326 2386 habuit,
1347 2336 1459 2389 quod

104 2408 167 2443 est
192 2401 357 2456 signum
381 2416 464 2442 non
490 2401 623 2442 solum
648 2402 934 2451 continentiae,
963 2403 1036 2443 sed
1061 2402 1184 2442 etiam
1209 2398 1457 2455 diligentiae.

104 2479 199 2504 nam
225 2470 265 2504 et
289 2478 372 2504 non
402 2463 721 2518 intemperanter
746 2464 1054 2518 concupiscere,
1087 2463 1198 2516 quod
1223 2478 1247 2503 a
1271 2460 1457 2516 plurimis
1514 2496 1523 2503 .

103 2525 264 2574 videas,
297 2525 544 2566 continentis
571 2525 693 2566 debet
724 2525 830 2574 duci,
858 2532 897 2565 et
928 2525 1064 2579 potius
1090 2524 1304 2579 diligentia
1335 2537 1458 2575 quam

103 2587 233 2642 pretio
258 2603 420 2642 parare,
452 2603 535 2629 non
559 2588 775 2629 mediocris
803 2594 865 2634 cst
895 2587 1132 2628 industriae.
1170 2586 1350 2640 elegans,
1377 2599 1460 2625 non
1485 2599 1503 2628 5

104 2649 367 2705 magnificus,
401 2650 657 2705 splendidus,
689 2664 771 2691 non
803 2655 1090 2704 sumptuosus,
1122 2647 1338 2700 omnisque
1369 2646 1460 2686 dili-

105 2712 243 2767 gentia
280 2713 540 2762 munditiam,
579 2728 661 2754 non
698 2712 952 2753 affluentiam
990 2710 1222 2753 affectabat.
1275 2708 1459 2763 supellex
