1788 3200
255 430 273 459 ·2

254 613 272 641 3

256 1850 272 1878 [ὑ

303 209 355 249 12
742 209 985 246 CORNELII
1003 209 1217 246 NEPOTIS

301 291 403 332 adeo
424 288 607 330 eruditus
629 293 703 336 est,
729 292 775 327 ut
793 286 923 328 mtho
943 287 1198 328 commodius
1212 287 1372 328 dicatur
1390 286 1501 342 apud
1519 301 1660 343 regem

300 353 425 394 verba
448 351 611 399 secisse,
637 364 763 403 quam
786 350 816 390 ii
839 356 1039 404 poterant,
1064 350 1135 403 qui
1159 350 1201 390 in
1225 349 1398 391 Perside
1422 356 1538 390 erant
1560 349 1659 390 nati.

301 415 367 455 hie
391 428 486 454 cum
510 412 640 453 multa
663 411 752 467 regi
776 418 887 453 esset
909 412 1130 466 pollicitus,
1154 412 1520 467 gratissimumque
1544 411 1659 461 illud,

299 476 336 517 si
360 475 446 517 suis
470 475 531 516 uti
554 474 736 516 consiliis
761 473 897 523 vellet,
922 474 1039 514 illum
1060 472 1281 516 Graeciam
1306 474 1413 516 bello
1438 488 1662 529 oppressu-

297 552 403 587 rum,
434 537 597 592 magnis
629 535 869 577 muneribus
898 535 949 577 ab
979 535 1214 577 Artaxerxe
1245 537 1420 578 donatus
1445 536 1487 577 in
1511 536 1661 577 Asiam

297 599 418 640 rediit
447 598 784 651 domiciliumque
814 596 1062 653 Magnesiae
1100 598 1179 639 sibi
1209 599 1433 639 constituit.
1481 613 1660 652 namque

297 661 405 702 hanc
434 659 580 701 urbem
610 659 649 700 ei
678 673 752 700 rex
776 658 967 708 donarat,
999 658 1064 699 his
1095 659 1263 712 quidem
1293 659 1450 701 verbis:
1486 674 1592 713 quae
1623 659 1661 700 ci

297 736 448 776 panem
482 720 700 775 praeberet
735 719 807 772 (ex
842 733 926 772 qua
960 720 1129 774 regione
1172 721 1473 776 quinquaginta
1508 721 1661 762 talenta

297 782 517 836 quotannis
542 780 770 834 redibant);
795 780 1081 834 Lampsacum
1107 788 1258 832 autem,
1291 783 1400 823 unde
1425 783 1567 823 vinum
1592 798 1661 824 su-

297 851 445 893 meret;
475 842 675 898 Myunta,
708 857 760 883 ex
785 856 868 896 qua
892 843 1111 897 opsonium
1136 843 1319 885 haberet.
1362 844 1484 885 huius
1512 845 1565 885 ad
1589 860 1661 885 no-

297 912 423 947 stram
454 904 696 946 memoriam
726 911 994 946 monumenta
1023 912 1266 947 manserunt
1290 906 1392 947 duo:
1425 905 1660 961 sepulcrum

296 983 425 1023 prope
445 968 656 1023 oppidum,
681 967 725 1008 in
744 982 825 1020 quo
845 973 909 1009 est
927 967 1113 1022 sepultus
1121 984 1132 1018 3
1160 975 1297 1010 statua
1319 969 1363 1009 in
1381 968 1471 1010 foro
1483 968 1662 1024 Magne-

299 1031 396 1072 siae.
434 1031 485 1071 de
510 1030 627 1071 cuius
652 1037 783 1071 morte
807 1030 1061 1072 multimodis
1087 1031 1199 1085 apud
1222 1031 1442 1086 plerosque
1462 1031 1661 1086 scriptum

299 1099 381 1143 est;
419 1092 493 1134 sed
521 1107 597 1133 nos
628 1092 806 1133 eundem
836 1092 1099 1147 potissimum
1124 1093 1413 1147 Thucydidem
1451 1099 1660 1134 auctorem

297 1154 533 1209 probamus,
560 1154 631 1208 qui
654 1154 771 1195 illum
790 1154 848 1195 ait
859 1153 1105 1209 Magnesiae
1125 1154 1269 1196 morbo
1294 1162 1503 1196 mortuum
1526 1169 1660 1208 neque

297 1222 420 1271 negat
445 1215 575 1257 fuisse
600 1215 769 1265 famam,
794 1231 1001 1257 venenum
1026 1232 1103 1258 sua
1127 1223 1272 1272 sponte
1298 1217 1539 1272 sumpsisse,
1566 1232 1660 1257 cum

298 1292 355 1327 se,
382 1292 488 1331 quae
506 1277 595 1333 regi
613 1278 664 1319 de
681 1275 859 1319 Graecia
877 1278 1149 1332 opprimenda
1166 1278 1373 1333 pollicitus
1394 1284 1517 1328 esset,
1543 1293 1661 1333 prac-

300 1346 408 1381 stare
431 1354 555 1394 posse
579 1340 828 1394 desperaret.
871 1340 982 1380 idem
1006 1355 1104 1381 ossa
1128 1340 1217 1382 eius
1244 1340 1350 1381 clam
1374 1341 1419 1381 in
1441 1340 1584 1382 Attica
1609 1340 1660 1381 ab

300 1401 443 1442 amicis
470 1400 651 1454 sepulta,
683 1401 879 1454 quoniam
904 1401 1068 1456 legibus
1099 1416 1183 1442 non
1207 1402 1518 1452 concederetur,
1549 1402 1660 1456 quod

300 1463 543 1517 proditionis
569 1468 680 1504 esset
705 1463 938 1513 damnatus,
965 1463 1187 1504 memoriae
1211 1463 1404 1518 prodidit.

715 1610 797 1651 ΙΙΙ.
844 1609 1177 1652 ARISTIDE
1189 1609 1239 1653 S.

366 1712 400 1752 Ι.
448 1710 676 1760 Aristides,
707 1711 953 1766 Lysimachi
989 1713 1117 1762 filius,
1149 1711 1439 1763 Atheniensis,
1477 1713 1661 1768 aequalis

299 1773 385 1814 fere
416 1773 494 1814 fuit
519 1773 801 1814 Themistocli.
844 1773 983 1827 itaque
1014 1789 1109 1815 cum
1140 1789 1189 1816 eo
1220 1775 1271 1816 de
1301 1775 1534 1830 principatu
1565 1789 1662 1816 con-

301 1835 447 1876 tendit:
473 1849 651 1888 namque
676 1835 955 1877 obtrectarunt
979 1837 1086 1878 inter
1110 1851 1167 1878 se.
1204 1838 1249 1878 in
1271 1837 1336 1878 his
1362 1844 1502 1879 autem
1520 1838 1661 1893 cogni-

299 1905 387 1939 tum
412 1904 487 1947 est,
513 1903 666 1951 quanto
692 1904 915 1939 antestaret
939 1899 1174 1953 eloquentia
1197 1899 1468 1941 innocentiae.
1517 1914 1663 1953 quam-

300 1975 425 2014 quam
451 1959 560 2000 enim
584 1959 687 2000 adeo
714 1959 942 2001 excellebat
960 1960 1170 2003 Aristides
1196 1961 1458 2012 abstinentia,
1484 1969 1531 2003 ut
1554 1977 1661 2003 unus

300 2028 394 2077 post
423 2021 636 2062 hominum
668 2021 923 2071 memoriam,
950 2037 1074 2076 quem
1099 2024 1267 2078 quidem
1292 2039 1368 2065 nos
1394 2024 1660 2073 audierimus,

301 2083 546 2138 cognomine
576 2082 719 2124 Iustus
758 2083 811 2123 sit
846 2084 1095 2138 appellatus,
1132 2092 1289 2135 tamen,
1327 2101 1352 2126 a
1382 2085 1663 2127 Themistocle

302 2145 617 2194 collabefactus,
649 2145 799 2186 testula
823 2145 894 2186 illa
919 2146 1041 2187 exilio
1067 2148 1210 2188 decem
1236 2163 1438 2188 annorum
1464 2147 1662 2188 multatus

258 2222 273 2247 s}
301 2213 376 2249 cst.
413 2207 485 2261 qui
509 2207 677 2261 quidem
696 2222 791 2248 cum
815 2208 1074 2263 intelligeret,
1100 2209 1267 2263 reprimi
1286 2209 1532 2250 concitatam
1558 2209 1664 2249 mul-

300 2269 519 2310 titudinem
542 2284 625 2310 non
648 2284 784 2324 posse,
812 2270 1047 2324 cedensque
1072 2271 1431 2312 animadvertisset
1455 2271 1663 2324 quendam

301 2331 566 2379 scribentem,
599 2338 644 2371 ut
672 2332 805 2386 patria
828 2332 1066 2387 pelleretur,
1099 2333 1314 2386 quaesisse
1347 2332 1398 2374 ab
1425 2347 1474 2374 eo
1500 2333 1661 2381 dicitur,

300 2408 425 2447 quare
466 2393 510 2434 id
546 2393 717 2443 faceret,
755 2400 826 2434 aut
861 2394 961 2447 quid
996 2393 1207 2436 Aristides
1251 2394 1547 2444 commisisset,
1591 2409 1663 2436 cm·

300 2462 412 2496 tanta
434 2470 569 2510 poena
593 2455 744 2510 dignus
770 2456 1000 2497 duceretur.
1050 2456 1116 2498 cui
1145 2457 1214 2498 ille
1238 2457 1451 2511 respondit
1477 2471 1521 2498 se
1545 2456 1663 2512 igno-

300 2533 389 2559 rare
420 2517 654 2566 Aristiden,
693 2517 767 2558 sed
805 2517 884 2558 sibi
913 2533 997 2559 non
1032 2519 1214 2573 placere,
1251 2519 1365 2572 quod
1395 2525 1480 2559 tam
1512 2518 1661 2573 cupide

301 2580 574 2630 elaborasset,
611 2587 658 2620 ut
694 2587 857 2634 praeter
891 2587 1049 2622 ceteros
1079 2581 1222 2622 Iustus
1259 2581 1545 2635 appellaretur.
1594 2580 1661 2621 hic

302 2642 444 2681 ‹leccm
488 2656 689 2683 annorum
730 2642 958 2696 legitimam
993 2658 1170 2697 poenam
1205 2658 1287 2684 non
1324 2642 1502 2697 pertulit.
1563 2657 1660 2682 nam

304 2709 524 2756 postquam
565 2703 734 2744 Xerxes
783 2704 824 2743 in
862 2703 1080 2745 Graeciam
1129 2704 1358 2752 descendit,
1409 2709 1525 2744 sexto
1574 2703 1660 2744 scre
