1788 3200
254 677 272 705 ¹0

300 211 352 252 38
739 211 980 247 CORNELII
997 209 1128 245 NEPO
1134 209 1213 244 TIS

710 370 818 412 XII.
869 369 1241 412 CHABRIAS.

365 474 399 515 I.
439 472 643 516 Chabrias
668 471 952 512 Atheniensis.
989 471 1054 512 hie
1085 485 1249 525 quoque
1274 470 1316 510 in
1342 468 1514 511 summis
1538 467 1657 510 habi-

298 550 364 579 tus
391 543 453 578 est
477 535 651 577 ducibus
671 548 819 587 resque
844 534 993 574 multas
1013 534 1212 574 memoria
1236 533 1382 588 dignas
1407 533 1549 587 gessit.
1582 531 1656 572 sed

299 616 351 641 ex
374 599 438 639 his
459 598 592 639 elucet
609 597 788 637 maxime
806 595 1019 636 inventum
1044 595 1131 636 eius
1157 595 1198 635 in
1217 595 1384 648 proelio,
1410 593 1521 647 quod
1546 592 1657 647 apud

301 661 468 702 Thebas
492 659 608 707 feeit,
641 673 735 699 eum
761 657 928 697 Boeotis
962 656 1146 697 subsidio
1177 656 1370 696 venisset.
1407 669 1584 707 namque
1614 654 1655 694 in

299 739 347 764 eo
372 721 542 762 victoria
565 720 761 760 fidentem
793 733 1001 758 summum
1033 718 1180 758 ducem
1205 716 1469 771 Agesilaum,
1501 715 1655 771 fugatis

297 786 380 825 iam
405 783 457 824 ab
483 797 531 823 eo
557 780 822 822 conducticiis
849 779 1037 827 catervis,
1063 779 1264 832 reliquam
1289 778 1539 832 phalangem
1563 778 1655 817 loco

298 845 429 886 vetuit
460 844 604 884 cedere
631 841 865 894 obnixoque
889 855 1000 895 genu
1026 846 1154 889 scuto,
1180 840 1362 894 proiecta
1386 839 1506 879 hasta
1530 839 1658 892 impe-

299 915 387 948 tum
418 906 606 960 excipere
636 904 818 945 hostium
847 903 998 944 docuit.
1047 903 1090 943 id
1120 917 1273 943 novum
1303 901 1529 956 Agesilaus
1561 915 1658 940 con-

300 976 420 1010 tuens
455 967 649 1022 progredi
684 981 768 1006 non
804 971 866 1006 est
907 980 1033 1006 ausus
1071 978 1251 1017 suosque
1287 964 1369 1004 iam
1404 963 1657 1004 incurrentes

259 1045 276 1073 :3
303 1031 402 1072 tuba
426 1030 646 1071 revocavit.
683 1028 764 1069 hoe
789 1041 919 1080 usque
946 1044 993 1068 eo
1024 1033 1109 1068 tota
1135 1025 1312 1068 Graecia
1341 1025 1454 1066 fama
1479 1023 1659 1065 celebra-

259 1601 277 1629 10

302 1102 389 1134 tum
415 1099 494 1142 est,
522 1100 566 1131 ut
591 1091 659 1131 illo
686 1097 793 1131 statu
821 1089 1025 1130 Chabrias
1052 1088 1131 1129 sibi
1156 1094 1333 1129 statuam
1358 1087 1447 1128 fieri
1471 1086 1657 1135 voluerit,

302 1170 408 1209 quae
438 1153 602 1209 publice
633 1152 670 1193 ei
701 1152 752 1193 ab
783 1150 1111 1192 Atheniensibus
1136 1151 1179 1191 in
1208 1150 1297 1192 soro
1329 1149 1552 1191 constituta
1583 1154 1656 1189 est.

303 1232 355 1258 ex
385 1231 466 1270 quo
497 1216 655 1256 factum
686 1220 767 1262 est,
800 1220 844 1253 ut
874 1221 1020 1267 postea
1050 1212 1226 1253 athletae
1252 1212 1458 1264 ceterique
1483 1209 1658 1251 artifices

302 1279 366 1319 his
393 1277 566 1319 statibus
597 1276 639 1316 in
665 1275 809 1316 statuis
834 1274 1036 1329 ponendis
1061 1281 1288 1321 uterentur,
1323 1288 1416 1314 eum
1448 1272 1659 1313 victoriam

303 1346 442 1381 essent
468 1338 618 1392 adepti.

371 1401 428 1441 Π.
468 1399 671 1441 Chabrias
698 1405 834 1439 autem
860 1398 989 1439 multa
1014 1399 1055 1438 in
1075 1398 1245 1452 Europa
1270 1397 1377 1438 bella
1403 1397 1662 1438 administra-

302 1463 372 1512 vit,
400 1477 494 1503 eum
519 1462 603 1501 dux
628 1460 947 1501 Atheniensium
973 1467 1099 1509 esset,
1125 1461 1167 1500 in
1191 1459 1389 1514 Aegypto
1415 1474 1490 1500 sua
1515 1465 1661 1513 sponte

303 1525 443 1579 gessit.
482 1539 576 1564 nam
595 1522 848 1563 Nectenebin
869 1523 1053 1563 adiutum
1073 1522 1281 1576 profectus
1306 1537 1478 1577 regnum
1504 1521 1540 1561 ei
1566 1536 1662 1564 con-

305 1587 446 1628 stituit.
490 1586 588 1626 fecit
618 1585 727 1625 idem
760 1584 908 1639 Cypri,
947 1585 1020 1625 sed
1055 1585 1218 1639 publice
1251 1583 1301 1625 ab
1333 1583 1660 1625 Atheniensibus

303 1649 522 1703 Evagorae
548 1648 709 1688 adiutor
734 1647 866 1695 datus,
894 1661 1025 1700 neque
1050 1647 1163 1701 prius
1189 1646 1284 1687 inde
1309 1645 1511 1695 discessit,
1539 1660 1661 1699 quam

304 1718 431 1751 totam
467 1709 646 1749 insulam
681 1708 789 1750 bello
826 1709 1078 1757 devinceret3
1116 1724 1197 1761 qua
1228 1723 1279 1749 ex
1308 1723 1352 1749 re
1382 1707 1661 1748 Athenienses

261 1786 278 1813 :3
305 1787 498 1827 magnam
523 1771 696 1825 gloriam
722 1778 815 1811 sunt
842 1771 991 1824 adepti.
1029 1771 1190 1810 interim
1217 1770 1370 1811 bellum
1396 1771 1500 1810 inter
1519 1769 1662 1823 Aegy-

263 2592 280 2620 ‘2

306 1835 411 1888 ptios
431 1840 472 1874 et
489 1833 640 1874 Persas
661 1832 881 1873 conflatum
902 1842 975 1872 est.
1012 1832 1291 1872 Athenienses
1315 1848 1407 1872 eum
1427 1831 1661 1872 Artaxerxe

307 1897 544 1937 societatem
563 1895 781 1944 habebant,
808 1895 1130 1935 Lacedaemonii
1151 1910 1243 1935 cuin
1263 1894 1498 1948 Aegyptiis,
1525 1909 1549 1934 a
1573 1893 1663 1946 qui-

306 1959 382 2000 bus
414 1974 586 2013 magnas
617 1958 792 2012 praedas
823 1956 1068 2012 Agesilaus,
1099 1972 1172 1997 rex
1203 1971 1361 2005 eorum,
1395 1955 1583 1996 faciebat.
1621 1955 1664 1994 id

305 2023 467 2062 intuens
495 2020 717 2068 Chabrias,
750 2034 844 2060 cum
869 2020 910 2060 in
935 2034 977 2060 re
1007 2019 1119 2059 nulla
1143 2019 1344 2073 Agesilao
1376 2019 1555 2066 eederet,
1589 2032 1664 2057 sua

307 2093 451 2137 sponte
488 2098 558 2124 eos
590 2083 775 2123 adiutum
806 2082 1015 2135 profectus
1046 2080 1281 2136 Aegyptiae
1313 2080 1436 2121 classi
1471 2079 1661 2134 praefuit,

305 2144 565 2199 pedestribus
592 2144 720 2198 copiis
746 2143 984 2198 Agesilaus

374 2207 454 2247 ΙΙΙ.
493 2206 603 2247 Tum
623 2205 819 2260 praefecti
839 2205 949 2259 regis
969 2204 1123 2245 Persae
1143 2205 1300 2259 legatos
1322 2204 1520 2244 miserunt
1533 2201 1664 2242 Athe-

306 2285 380 2309 nas
407 2274 612 2322 questum,
639 2268 748 2320 quod
775 2267 977 2308 Chabrias
1004 2267 1223 2307 adversum
1248 2282 1388 2321 regem
1415 2265 1567 2306 bellum
1593 2278 1665 2318 ge-

305 2338 412 2371 reret
442 2346 535 2371 eum
561 2329 796 2384 Aegyptiis.
834 2329 1112 2369 Athenienses
1144 2328 1253 2368 diem
1280 2334 1431 2368 certam
1458 2325 1663 2367 Chabriae
1698 2362 1699 2365 ,

306 2393 635 2447 praestituerunt,
663 2407 785 2445 quam
811 2399 904 2431 ante
931 2391 1099 2431 domum
1125 2390 1205 2430 nisi
1229 2389 1417 2437 redisset,
1447 2387 1592 2443 eapitis
1620 2401 1664 2426 se

306 2455 422 2495 illum
452 2455 718 2495 damnaturos
750 2452 1053 2493 denuntiarunt.
1096 2452 1175 2492 hoc
1205 2451 1271 2491 ille
1304 2450 1446 2491 nuntio
1475 2448 1664 2490 Athenas

305 2516 442 2566 rediit,
474 2530 607 2568 neque
638 2515 693 2555 ibi
725 2514 878 2555 diutius
905 2520 967 2555 est
990 2520 1192 2562 moratus,
1224 2525 1347 2566 quam
1379 2512 1457 2552 fuit
1480 2524 1662 2551 necesse.

307 2593 387 2618 non
413 2578 521 2618 enim
546 2577 719 2618 libenter
743 2583 829 2617 erat
860 2582 952 2616 ante
978 2575 1118 2617 oeulos
1151 2590 1320 2615 suorum
1351 2574 1520 2622 civium,
1553 2570 1661 2624 quod

308 2645 345 2678 ct
381 2638 548 2679 vivebat
582 2639 692 2679 laute
723 2645 761 2679 et
798 2637 1039 2692 indulgebat
1078 2636 1156 2677 sibi
1186 2635 1415 2684 liberalius,
1458 2648 1582 2686 quam
1617 2638 1661 2671 ut

264 2714 282 2742 3
309 2701 503 2740 invidiam
536 2700 647 2754 vulgi
680 2709 820 2754 posset
851 2700 1046 2753 effugere.
1087 2705 1147 2739 est
1187 2698 1296 2738 enim
1332 2696 1410 2737 hoe
1446 2708 1662 2736 commune
1694 2730 1695 2733 ,
