1741 3184
619 231 898 267 ARISTIDES.
1387 221 1439 261 13

88 326 194 353 anno
224 324 349 364 quam
379 313 465 349 erat
489 305 707 360 expulsus,
743 307 885 361 populi
916 306 1018 347 scito
1048 306 1091 346 in
1119 305 1293 361 patriam
1323 304 1441 346 resti-

88 381 200 415 tutus
225 380 299 414 est.

154 434 212 475 II.
247 431 440 473 Interfuit
457 435 595 471 autem
613 443 778 484 pugnae
797 429 934 469 navali
952 429 1063 482 apud
1084 427 1307 478 Salamina,
1334 442 1440 482 quae

87 496 196 537 facta
219 500 282 535 est
304 493 418 547 prius
443 506 568 545 quam
591 505 726 545 poena
748 490 1001 531 libel-aretin.
1044 490 1155 530 idem
1177 497 1340 544 praetor
1364 490 1441 530 fuit

86 554 404 598 Atheniensium
434 553 546 607 apud
569 551 760 593 Plataeas
797 552 840 592 in
868 550 1044 606 proelio,
1082 565 1164 604 quo
1193 550 1439 592 Mardonius

86 618 205 659 fusus
225 615 574 667 barbarorumque
595 613 797 654 exercitus
817 612 1056 653 interfectus
1071 618 1145 652 est.
1183 626 1316 665 neque
1330 612 1441 652 aliud

87 685 149 720 est
170 678 300 719 ullum
324 677 446 718 huius
471 676 513 716 in
537 690 580 716 re
605 675 770 715 militari
794 675 951 715 illustre
976 673 1144 722 factum,
1171 688 1296 726 quam
1319 673 1441 713 huius

86 739 246 794 imperii
270 738 480 787 memoria,
506 737 685 778 iustitiae
704 751 801 777 vero
821 743 862 777 et
886 736 1101 789 aequitatis
1123 741 1163 776 et
1185 735 1442 776 innocentiae

88 802 231 851 multa,
263 801 306 841 in
335 800 479 854 primis
510 799 621 852 quod
647 799 734 839 eius
760 798 964 851 aequitate
994 798 1151 838 factum
1176 804 1256 846 est,
1283 811 1376 837 cum
1400 797 1443 836 in

87 862 296 904 communi
326 862 459 902 classe
484 867 595 902 esset
620 858 821 901 Graeciae
847 859 969 900 simul
994 873 1088 899 cum
1112 858 1334 907 Pausania,
1361 872 1442 910 quo

88 924 192 965 duce
216 923 462 964 Mardonius
489 929 576 963 erat
600 922 783 976 fugatus,
809 927 854 961 ut
879 936 1041 961 summa
1065 920 1226 974 imperii
1250 919 1443 960 maritimi

88 986 140 1027 ab
164 985 508 1026 Lacedaemoniis
540 984 830 1024 transferretur
853 983 906 1023 ad
930 982 1223 1022 Athenienses.
1264 995 1442 1033 namque

88 1054 182 1089 ante
204 1047 248 1088 id
271 1053 434 1100 tempus
454 1052 494 1086 et
518 1045 622 1086 mari
642 1051 680 1085 et
701 1051 808 1085 terra
826 1045 953 1084 duces
973 1049 1088 1084 erant
1106 1042 1442 1083 Lacedaemonii.

87 1118 176 1150 tum
200 1115 337 1149 autem
367 1114 409 1149 et
436 1106 752 1161 intemperantia
775 1105 1008 1146 Pausaniae
1039 1111 1080 1145 et
1102 1104 1259 1145 iustitia
1287 1104 1443 1144 factum

90 1176 155 1212 est
177 1169 396 1219 Aristidis,
432 1175 479 1210 ut
510 1183 653 1210 omnes
678 1168 765 1209 fere
796 1167 982 1208 civitates
1009 1164 1210 1208 Graeciae
1235 1166 1288 1206 ad
1310 1164 1445 1205 Athe-

86 1232 293 1274 niensium
324 1231 561 1272 societatem
593 1245 637 1271 se
668 1229 921 1284 applicarent
951 1234 992 1270 et
1021 1228 1220 1269 adversus
1245 1226 1442 1268 barbaros

88 1294 164 1335 hos
189 1294 316 1334 duces
342 1293 569 1348 deligerent
594 1291 686 1332 sibi.

155 1355 237 1396 III.
282 1353 400 1407 Quos
431 1369 513 1407 quo
538 1353 700 1394 facilius
725 1352 987 1407 repellerent,
1014 1351 1050 1392 si
1072 1351 1178 1392 forte
1202 1349 1358 1391 bellum
1381 1364 1446 1390 re-

88 1430 239 1457 novare
276 1421 538 1464 conarentur,
576 1415 631 1455 ad
665 1414 818 1455 classes
849 1413 1126 1454 aedificandas
1158 1411 1444 1464 exercitusque

90 1477 387 1533 comparandos
431 1482 633 1530 quantum
668 1476 868 1530 pecuniae
904 1489 1093 1528 quaeque
1135 1473 1279 1514 civitas
1316 1473 1443 1521 daret,

90 1540 296 1581 Aristides
327 1539 509 1580 delectus
547 1544 609 1579 est
650 1538 721 1591 qui
757 1538 1039 1586 constitueret,
1078 1536 1248 1587 eiusque
1279 1534 1445 1576 arbitrio

90 1602 374 1656 quadringena
410 1607 451 1641 et
487 1615 695 1655 sexagena
731 1600 883 1640 talenta
913 1598 1131 1652 quotannis
1156 1597 1313 1638 Delum
1351 1602 1446 1636 sunt

91 1663 250 1704 collata.
286 1662 329 1703 id
354 1662 463 1702 enim
488 1676 704 1702 commune
730 1661 932 1702 aerarium
956 1674 1047 1700 esse
1072 1659 1302 1700 voluerunt.
1340 1671 1445 1710 quae

91 1724 224 1766 omnis
249 1723 425 1778 pecunia
448 1729 614 1777 postero
633 1729 817 1776 tempore
836 1721 1025 1762 Athenas
1051 1720 1248 1760 translata
1266 1725 1340 1760 est.
1379 1718 1446 1758 hic

91 1801 173 1840 qua
196 1786 319 1826 fuerit
343 1785 602 1833 abstinentia,
628 1784 788 1824 nullum
814 1790 876 1824 est
901 1782 1051 1823 certius
1070 1781 1280 1829 indicium,
1307 1794 1444 1833 quam,

91 1862 186 1888 cum
210 1846 333 1888 tantis
357 1845 481 1887 rebus
506 1845 766 1900 praefuisset,
792 1845 833 1885 in
855 1850 968 1885 tanta
990 1849 1232 1897 paupertate
1257 1841 1446 1890 decessit,

91 1915 147 1958 ut,
173 1908 245 1962 qui
269 1908 494 1957 efferretur,
520 1908 591 1948 vix
615 1907 836 1960 reliquerit.
879 1920 961 1958 quo
986 1905 1142 1945 factum
1168 1909 1242 1952 est,
1268 1909 1314 1943 ut
1337 1903 1444 1943 filiae

91 1971 179 2011 eius
203 1969 367 2025 publice
386 1969 591 2010 alerentur
616 1976 656 2009 et
679 1969 730 2009 de
749 1967 957 2009 communi
981 1966 1136 2007 aerario
1156 1964 1321 2006 dotibus
1341 1964 1446 2004 datis

93 2032 400 2073 collocarentur.
438 2031 617 2072 decessit
647 2036 786 2071 autem
815 2029 901 2070 fere
932 2034 1027 2082 post
1057 2042 1210 2068 annum
1240 2032 1446 2080 quartum,

92 2109 216 2148 quam
242 2092 544 2134 Themistocles
569 2091 747 2133 Athenis
774 2098 861 2133 erat
886 2089 1096 2144 expulsus.

499 2238 577 2280 IV.
625 2234 1040 2279 PAUSANIAS.

161 2339 195 2379 I.
231 2339 475 2387 Pausanias,
490 2338 862 2386 Lacedaemonius,
877 2351 1053 2392 magnus
1073 2335 1209 2384 homo,
1226 2334 1298 2374 scd
1312 2332 1448 2373 varius

94 2400 137 2440 in
167 2401 278 2440 omni
307 2414 457 2454 genere
488 2401 595 2439 vitae
626 2399 716 2439 fuit.
758 2414 855 2439 nam
885 2405 930 2438 ut
959 2397 1180 2438 virtutibus
1213 2395 1358 2443 eluxit,
1391 2394 1449 2434 sic

94 2462 203 2502 vitiis
230 2467 293 2502 est
317 2460 501 2502 obrutus.
539 2460 660 2499 huius
686 2459 1010 2500 illustrissimum
1035 2466 1097 2498 cst
1115 2457 1315 2511 proelium
1341 2455 1450 2508 apud

95 2523 299 2563 Plataeas.
348 2535 526 2574 namque
556 2521 625 2561 illo
656 2521 759 2560 ducc
783 2519 1048 2567 Mardonius,
1082 2525 1265 2571 satrapes
1296 2515 1449 2570 rcgius‚

95 2585 259 2625 natione
283 2584 451 2632 BIedus,
477 2576 586 2638 regis
613 2596 751 2637 gener,
784 2581 826 2621 in
850 2581 992 2635 primis
1019 2579 1203 2620 omnium
1227 2578 1449 2618 Persarum

97 2654 137 2689 et
166 2661 292 2688 manu
322 2646 439 2687 fortis
471 2652 511 2686 et
540 2644 700 2685 consilii
729 2643 896 2698 plenus,
935 2658 1029 2683 cum
1059 2640 1245 2681 ducentis
1282 2638 1448 2679 milibus

97 2708 300 2763 peditum,
337 2722 442 2762 quos
478 2707 631 2748 viritim
660 2705 832 2760 legerat,
871 2711 912 2745 ct
941 2703 1086 2758 viginti
1117 2702 1299 2755 equitum
1340 2698 1450 2740 haud

1471 1731 1488 1759 [Ο

1478 2346 1489 2373 1

1476 2468 1494 2495 2
