1788 3200
247 1017 266 1045 [Ο

293 179 346 219 36
688 156 694 162 ⁵
735 182 978 219 CORNELII
999 183 1208 218 NEPOTIS

292 270 334 303 ut
360 261 543 303 exaudiri
567 260 698 315 possit
722 258 836 300 foris.
873 259 958 309 hic,
992 259 1097 300 sicut
1122 267 1214 300 ante
1246 274 1368 315 saepe
1394 260 1547 300 dietum
1574 267 1647 303 est,

291 339 414 377 quam
439 323 573 363 invisa
599 322 651 363 sit
675 322 896 377 singularis
921 322 1104 376 potentia
1128 329 1168 363 et
1192 323 1425 363 miseranda
1450 323 1553 371 vita,
1580 323 1650 375 qni

292 400 335 426 se
360 384 487 425 metui
512 399 636 437 quam
661 384 790 424 amari
814 383 991 433 malunt,
1025 384 1154 424 cuivis
1180 384 1301 424 facile
1326 384 1535 424 intellectu
1559 383 1649 424 fuit.

291 461 468 500 namque
498 447 555 486 illi
585 445 665 500 ipsi
701 446 913 495 custodes,
952 446 987 486 si
1017 446 1181 500 propria
1216 446 1392 486 fuissent
1426 445 1649 493 voluntate,

290 508 449 549 foribus
475 507 653 548 effractis
675 522 838 548 servare
859 522 953 547 eum
972 507 1215 561 potuissent,
1242 508 1353 560 quod
1377 508 1435 547 illi
1460 507 1649 554 inermes,

291 571 417 611 telum
443 570 542 610 foris
574 569 825 624 flagitantes,
858 569 1000 609 vivum
1025 569 1229 609 tenebant.
1269 570 1334 609 cui
1365 584 1458 609 cum
1486 583 1652 609 succur-

290 640 397 673 reret
421 646 559 679 nemo,
587 631 707 684 Lyco
732 630 900 682 quidam
928 628 1216 683 Syracusanus
1241 645 1314 684 per
1338 630 1539 671 fenestras
1565 629 1649 685 gla-

292 694 405 734 dium
431 693 561 740 dedit,
588 706 669 744 quo
694 691 808 731 Dion
834 692 1073 731 interfectus
1101 698 1175 732 est.

360 755 420 795 X.
461 754 664 795 Confecta
696 753 821 793 caede
859 767 952 793 cum
989 753 1209 793 multitudo
1239 753 1402 794 visendi
1431 754 1563 809 gratia
1593 755 1652 794 in-

291 817 474 865 troisset,
507 815 693 856 nonnulli
724 814 775 855 ab
806 814 948 855 insciis
973 829 1047 868 pro
1078 814 1212 855 noxiis
1239 816 1519 856 conciduntur.
1557 831 1652 855 nam

292 878 414 919 celeri
438 892 601 918 rumore
633 877 777 925 dilato,
810 876 940 917 Dioni
965 877 1048 916 vim
1081 877 1264 925 allatam,
1296 877 1414 917 multi
1440 891 1653 917 concurre-

291 948 400 989 rant,
433 939 583 993 quibus
615 939 695 979 tale
725 939 887 979 facinus
918 939 1173 993 displicebat.
1211 939 1253 979 hi
1284 939 1391 979 falsa
1420 938 1653 993 suspicione

293 1003 404 1043 ducti
434 1002 697 1043 immerentes
729 1008 773 1041 ut
806 1001 1025 1042 sceleratos
1058 1002 1261 1041 occidunt.
1299 1001 1421 1042 huius
1448 1001 1498 1041 de
1522 1008 1653 1041 morte

293 1072 338 1105 ut
362 1065 499 1119 palam
530 1064 686 1104 factum
713 1070 793 1112 est,
826 1063 1066 1104 mirabiliter
1095 1063 1211 1119 vulgi
1242 1069 1399 1104 mutata
1423 1071 1486 1103 est
1509 1062 1654 1103 volun-

293 1134 369 1167 tas.
406 1142 501 1167 nam
526 1127 597 1179 qui
627 1127 768 1166 vivum
799 1141 892 1166 eum
924 1132 1144 1180 tyrannum
1174 1127 1419 1174 vocitarant,
1451 1126 1577 1166 iidem
1607 1125 1654 1165 li-

294 1188 524 1229 beratorem
543 1188 697 1242 patriae
719 1188 962 1242 tyrannique
983 1188 1244 1242 expulsorem
1263 1187 1568 1242 praedicabant.
1596 1187 1654 1227 sic

295 1249 431 1291 subito
456 1250 736 1290 misericordia
754 1250 848 1290 odio
874 1258 1142 1298 successerat,
1170 1256 1215 1290 ut
1239 1264 1333 1289 eum
1360 1264 1434 1289 suo
1455 1249 1653 1303 sanguine

251 1325 268 1352 3
294 1311 346 1352 ab
376 1310 634 1357 Acherunte,
675 1311 707 1350 si
739 1317 926 1364 possent,
965 1319 1161 1365 cuperent
1190 1312 1402 1351 redimere.
1446 1311 1582 1363 itaque
1613 1311 1654 1350 in

252 2068 270 2094 z:

294 1372 395 1413 urbe
438 1371 704 1412 celeberrimo
740 1372 850 1421 loco,
894 1372 1025 1413 elatus
1067 1372 1249 1426 publice,
1294 1372 1471 1426 sepulcri
1511 1386 1655 1412 monu-

294 1440 432 1474 mento
451 1434 628 1474 donatus
654 1439 728 1474 est.
766 1433 876 1474 diem
902 1433 1001 1474 obiit
1028 1434 1189 1474 circiter
1207 1449 1336 1475 annos
1356 1433 1655 1488 quinquaginta

294 1495 475 1549 quinque
499 1501 639 1544 natus,
672 1501 863 1548 quartum
888 1503 982 1549 post
1013 1511 1184 1546 annum,
1217 1511 1342 1550 quam
1368 1510 1419 1536 ex
1449 1494 1654 1549 Pelopon-

294 1572 395 1598 neso
420 1557 461 1598 in
489 1556 675 1598 Siciliam
700 1558 889 1598 redierat.

686 1705 768 1745 XI.
819 1705 1262 1748 IPHICRATES.

364 1805 397 1845 Ι.
437 1805 663 1860 Iphicrates
689 1805 958 1847 Atheniensis
989 1822 1072 1847 non
1104 1813 1187 1847 tam
1213 1807 1494 1862 magnitudine
1518 1821 1654 1847 rerum

295 1873 505 1922 gestarum
525 1882 649 1921 quam
670 1868 887 1921 disciplina
906 1868 1069 1908 militari
1088 1868 1324 1909 nobilitatus
1345 1876 1417 1910 est.
1450 1869 1527 1909 fuit
1547 1868 1653 1908 enim

295 1929 387 1970 talis
413 1929 516 1978 dux,
550 1937 593 1970 ut
618 1944 701 1970 non
733 1931 866 1971 solum
897 1931 1041 1971 aetatis
1068 1946 1166 1971 suae
1198 1946 1291 1971 cum
1322 1931 1464 1985 primis
1491 1945 1656 1984 compa-

295 1998 464 2040 raretur,
492 1992 566 2032 sed
589 2007 640 2032 ne
666 1993 716 2032 de
736 1992 958 2033 maioribus
984 1998 1083 2033 natu
1108 1993 1274 2045 quidem
1299 1993 1519 2046 quisquam
1544 2001 1657 2033 antc-

296 2059 526 2106 ponerctur.
565 2054 740 2094 multum
766 2069 862 2095 vero
888 2054 931 2094 in
951 2054 1057 2095 bello
1083 2062 1145 2095 est
1169 2062 1370 2103 versatus,
1399 2069 1521 2109 saepe
1541 2069 1657 2094 exer-

297 2114 444 2154 citibus
471 2116 666 2168 praefuit,
693 2131 899 2169 nusquam
926 2116 1046 2170 eulpa
1071 2116 1178 2157 male
1203 2132 1288 2157 rem
1313 2117 1462 2171 gessit,
1496 2130 1657 2170 semper

298 2175 468 2217 consilio
493 2176 591 2217 vicit
621 2183 861 2230 tantumque
888 2192 936 2218 eo
961 2178 1108 2227 valuit,
1136 2185 1180 2218 ut
1205 2178 1334 2218 multa
1358 2178 1399 2218 in
1424 2192 1467 2218 re
1492 2177 1656 2217 militari

253 2253 271 2279 :3
296 2238 444 2291 partim
470 2253 578 2279 nova
602 2239 797 2287 attulerit,
830 2239 976 2293 partim
1003 2240 1172 2281 meliora
1196 2239 1351 2280 fecerit.
1388 2253 1566 2292 namque
1590 2238 1657 2279 ille

256 2622 272 2648 4

297 2299 503 2353 pedestria
522 2316 636 2341 arma
654 2301 838 2341 mutavit.
867 2316 959 2341 cum
980 2308 1073 2342 ante
1087 2301 1202 2341 illurn
1221 2302 1509 2355 imperatorem
1529 2300 1659 2341 inaxi-

297 2360 375 2402 mis
402 2361 556 2416 clipeis,
583 2362 777 2403 brevibus
803 2363 946 2411 hastis,
973 2363 1140 2404 minutis
1161 2363 1309 2419 gladiis
1335 2369 1564 2411 uterentur,
1590 2362 1657 2402 ille

298 2438 319 2463 e
345 2424 547 2464 contrario
572 2425 723 2479 peltam
749 2440 822 2480 pro
843 2441 985 2479 parma
1004 2425 1101 2466 feeit
1126 2426 1169 2478 (a
1193 2440 1274 2479 quo
1292 2433 1437 2480 postea
1460 2425 1658 2480 peltastae

297 2486 456 2539 pedites
481 2487 769 2540 appellantur),
796 2495 841 2527 ut
867 2488 919 2528 ad
944 2494 1080 2528 motus
1107 2502 1414 2541 concursusque
1439 2494 1577 2528 essent
1602 2486 1660 2526 le-

298 2548 453 2597 viores3
483 2549 627 2589 hastae
652 2550 822 2590 modum
848 2550 1096 2604 duplicavit,
1128 2550 1288 2605 gladios
1314 2549 1520 2604 longiores
1548 2548 1655 2588 feeit.

299 2609 407 2649 idem
438 2625 570 2665 genus
601 2611 819 2652 loricarum
851 2618 891 2652 et
919 2627 994 2666 pro
1026 2613 1143 2652 sertis
1181 2619 1303 2665 atque
1339 2605 1476 2652 aeneis
1511 2610 1656 2650 linteas

302 2670 423 2710 dedit.
462 2687 544 2724 quo
575 2674 684 2714 sacto
715 2674 988 2727 expeditiores
1021 2674 1169 2714 milites
1200 2674 1395 2722 reddidit3
1431 2687 1524 2712 nam
1557 2685 1658 2725 pon-
