1741 3184
696 194 832 229 DION.
1389 183 1442 223 35

90 273 130 313 in
161 273 320 314 caelum
351 271 485 312 fuerat
515 269 646 310 elatus
677 268 883 308 laudibus,
933 268 1084 322 vulgus
1117 273 1254 308 autem
1285 266 1444 308 offensa

88 335 130 374 in
155 349 249 375 eum
274 333 448 374 militum
473 331 681 371 voluntate
699 329 868 369 liberius
893 329 1138 382 loquebatur
1162 336 1202 369 et
1225 336 1444 383 tyrannum

88 410 171 436 non
195 395 410 435 ferendum
434 391 658 432 dictitabat.

156 455 278 497 VIII.
316 454 435 495 Haec
464 453 532 493 ille
557 452 719 492 intuens
746 465 858 500 eum,
891 451 1239 502 quemadmodum
1271 451 1442 500 sedaret,

88 517 280 565 nesciret,
307 522 364 564 et,
391 529 588 568 quorsum
613 513 851 561 evaderent,
884 512 1062 560 timeret,
1091 511 1330 552 Callicrates
1356 512 1445 565 qui-

88 579 195 626 dam,
223 577 323 618 civis
343 575 624 623 Atheniensis,
652 574 723 627 qui
749 573 870 614 simul
893 588 987 614 cum
1012 588 1060 614 eo
1086 588 1137 613 ex
1155 572 1444 626 Peloponneso

87 639 129 679 in
156 637 340 680 Siciliam
365 644 549 686 venerat,
581 636 704 677 homo
730 642 770 676 et
794 635 965 676 callidus
992 641 1031 674 et
1055 634 1106 674 ad
1136 634 1325 675 fraudem
1350 648 1446 674 acu-

87 708 166 749 tus,
194 699 281 741 sine
300 700 384 740 ulla
402 698 600 754 religione
619 712 667 738 ac
686 697 779 747 fide,
807 697 890 737 adit
909 697 962 737 ad
979 696 1162 737 Dionem
1187 702 1226 736 et
1251 696 1324 736 ait:
1351 710 1445 736 eum

88 776 240 816 magno
260 761 302 801 in
314 761 496 815 periculo
512 775 603 801 esse
621 766 787 814 propter
801 759 1072 800 offensionem
1091 757 1233 812 populi
1253 757 1445 798 etodium

88 823 282 872 militum,
309 823 421 876 quod
445 823 557 863 nullo
582 822 706 862 modo
731 821 883 861 evitare
908 826 1067 874 posset,
1099 819 1180 860 nisi
1204 819 1326 860 alicui
1352 834 1446 860 suo-

87 900 179 925 rum
203 884 415 939 negotium
434 884 561 932 daret,
588 883 659 936 qui
685 897 729 923 se
749 882 960 922 simularet
978 881 1036 921 illi
1060 881 1284 921 inimicum.
1322 894 1445 933 quem

91 946 126 987 si
150 946 377 986 invenisset
400 945 613 993 idoneum,
645 944 766 984 facile
791 943 975 983 omnium
1000 943 1158 983 animos
1185 941 1444 996 cogniturum

89 1007 429 1059 adversariosque
461 1006 735 1054 sublaturum,
768 1005 878 1058 quod
901 1005 1055 1044 inimici
1085 1004 1173 1044 eius
1199 1003 1444 1043 dissidentes

91 1083 188 1109 suos
214 1082 361 1108 sensus
392 1067 570 1121 aperturi
601 1066 746 1107 forent.
784 1066 855 1106 tali
886 1065 1056 1106 consilio
1080 1064 1253 1119 probato
1285 1064 1445 1117 excepit

88 1129 162 1169 has
182 1136 319 1183 partes
338 1129 427 1183 ipse
449 1128 690 1169 Callicrates
711 1133 751 1168 et
770 1142 813 1168 se
833 1133 963 1167 armat
982 1126 1258 1181 imprudentia
1275 1125 1444 1174 Dionis3

89 1191 142 1230 ad
166 1205 261 1230 eum
285 1190 614 1230 interficiundum
648 1189 782 1230 socios
814 1189 1034 1242 conquirit,
1067 1187 1324 1229 adversarios
1357 1186 1444 1227 eius

90 1251 293 1300 convenit,
316 1251 593 1292 coniuratione
613 1251 840 1292 confirmat.
871 1265 950 1300 res,
973 1250 1112 1290 multis
1132 1250 1320 1299 consciis,
1341 1263 1446 1302 quae

88 1320 314 1367 gereretur,
348 1313 453 1353 elata
478 1312 660 1353 defertur
690 1313 743 1352 ad
765 1311 1102 1360 Aristomachen,
1136 1326 1316 1352 sororem
1341 1311 1446 1351 Dio-

89 1375 166 1423 nis,
187 1389 440 1426 uxoremque
458 1373 628 1414 Areten.
654 1374 746 1414 illae
767 1373 911 1414 timore
929 1373 1164 1427 perterritae
1184 1372 1443 1421 conveniunt,

90 1435 207 1476 euius
235 1436 284 1475 de
305 1435 484 1489 periculo
505 1434 715 1476 timebant.
753 1442 793 1475 at
817 1435 884 1475 ille
909 1441 1043 1490 negat,
1071 1450 1095 1475 a
1116 1433 1332 1475 Callicrate
1357 1433 1445 1474 fieri

91 1497 170 1538 sibi
196 1497 379 1546 insidias,
407 1498 481 1537 sed
505 1497 586 1546 illa,
613 1511 718 1550 quae
744 1503 972 1552 agerentur,
1000 1497 1087 1536 fieri
1110 1502 1329 1550 praecepto
1356 1509 1443 1535 suo.

89 1559 281 1599 mulieres
313 1559 439 1599 nihilo
472 1559 606 1599 secius
634 1557 895 1600 Callicratem
925 1559 968 1598 in
998 1559 1142 1598 aedem
1171 1557 1444 1611 Proserpinae

90 1621 297 1661 deducunt
316 1635 363 1661 ae
382 1621 514 1661 iurare
535 1628 698 1675 cogunt,
725 1621 826 1660 nihil
846 1620 896 1661 ab
917 1620 986 1660 illo
1006 1619 1176 1674 periculi
1195 1619 1282 1659 fore
1302 1619 1443 1659 Dioni.

89 1683 156 1723 ille
182 1682 258 1723 hae
278 1683 472 1737 religione
498 1698 580 1723 non
605 1683 727 1723 modo
746 1698 828 1723 non
848 1692 910 1723 est
929 1682 1156 1730 deterritus,
1185 1681 1259 1720 sed
1283 1681 1335 1720 ad
1360 1696 1446 1720 ma-

89 1744 310 1783 turandum
336 1744 562 1784 concitatus
589 1751 668 1792 est,
695 1758 861 1793 verens,
894 1758 944 1783 ne
969 1743 1082 1797 prius
1109 1742 1326 1783 consilium
1350 1756 1446 1795 ape-

87 1805 233 1845 riretur
258 1821 396 1854 suum,
423 1820 547 1858 quam
572 1811 718 1846 conata
740 1806 996 1860 perfecisset.

154 1866 238 1906 IX.
275 1866 371 1907 Hae
395 1875 532 1908 mente
551 1868 740 1922 proximo
765 1867 830 1908 die
855 1867 975 1917 festo,
1003 1881 1097 1907 cum
1122 1882 1146 1906 a
1171 1871 1375 1906 conventu
1401 1879 1443 1905 se

87 1935 288 1969 remotum
311 1929 427 1970 Dion
451 1930 562 1970 domi
587 1936 741 1970 teneret
766 1935 888 1982 atque
919 1929 961 1968 in
987 1928 1172 1969 conclavi
1197 1927 1305 1967 edito
1330 1941 1445 1967 recu—

87 1990 257 2040 buisset,
285 1992 459 2033 consciis
480 1992 671 2033 facinoris
692 1992 781 2032 loca
806 1991 1024 2031 munitiora
1048 1990 1188 2044 oppidi
1212 1989 1346 2037 tradit,
1373 1988 1445 2027 do-

87 2067 201 2092 mum
233 2054 429 2094 custodiis
462 2054 610 2107 saepit,
644 2069 668 2094 a
692 2053 850 2094 foribus
882 2052 952 2106 qui
982 2068 1065 2093 non
1095 2051 1326 2099 discedant,
1359 2064 1444 2090 ccr-

87 2122 150 2155 tos
181 2115 382 2169 praeficit3
414 2131 562 2156 navem
593 2116 799 2156 triremem
830 2115 996 2156 armatis
1028 2120 1158 2154 ornat·
1174 2112 1444 2153 Philostrato-

87 2190 166 2228 que
191 2176 306 2216 fratri
332 2192 407 2217 suo
432 2177 571 2226 tradit,
603 2192 776 2230 eamque
801 2177 842 2217 in
867 2184 988 2230 portu
1013 2175 1157 2230 agitari
1182 2174 1314 2223 iubet,
1341 2179 1385 2213 ut
1410 2173 1443 2213 si

88 2251 276 2278 exercere
302 2239 477 2293 remiges
503 2239 643 2288 vellet,
677 2239 880 2294 cogitans,
914 2239 948 2279 si
978 2238 1082 2279 sorte
1114 2235 1294 2277 consiliis
1320 2234 1445 2283 obsti-

1470 709 1487 738 10

1470 2126 1487 2153 [ὗ

88 2297 206 2338 tisset
234 2299 416 2348 fortuna,
448 2306 493 2339 ut
522 2300 709 2348 haberet,
741 2315 824 2353 qua
853 2300 1016 2355 fugeret
1047 2299 1099 2340 ad
1125 2298 1310 2339 salutem.
1349 2311 1443 2336 suo-
1469 2309 1487 2335 :;

87 2373 179 2398 rum
215 2366 351 2399 autem
383 2375 404 2400 e
434 2375 604 2401 numero
635 2361 886 2414 Zacynthios
923 2361 1204 2402 adolescentes
1242 2358 1440 2411 quosdam

88 2420 202 2475 eligit
226 2436 318 2461 cum
344 2422 641 2463 audacissimos
669 2431 755 2463 tum
781 2424 935 2464 viribus
960 2423 1169 2470 maximis,
1201 2421 1347 2473 hisque
1374 2420 1442 2459 dat

87 2482 315 2537 negotium,
354 2483 404 2523 ad
435 2483 616 2523 Dionem
648 2491 741 2524 eant
776 2484 971 2532 inermes,
1010 2484 1069 2524 sie
1099 2490 1144 2523 ut
1173 2480 1441 2522 conveniendi

88 2543 175 2583 cius
200 2544 332 2597 gratia
358 2544 592 2584 viderentur
615 2545 765 2585 venire.
803 2545 845 2584 hi
870 2553 1034 2598 propter
1053 2543 1237 2583 notitiam
1264 2549 1358 2581 sunt
1383 2541 1442 2580 in-

86 2605 278 2645 tromissi.
317 2612 357 2645 at
382 2605 439 2645 illi
464 2612 508 2645 ut
537 2604 662 2646 limen
688 2606 775 2646 eius
809 2606 1025 2654 intrarunt,
1058 2604 1214 2645 foribus
1241 2602 1439 2643 obseratis
1466 2631 1470 2636 Δ

86 2666 128 2706 in
152 2666 257 2707 lecto
283 2666 501 2708 cubantem
532 2668 748 2717 invadunt,
781 2668 992 2722 colligant3
1024 2668 1067 2706 fit
1094 2665 1304 2719 strepitus,
1338 2664 1440 2704 adeo

1110 2732 1154 2763 O&
