1788 3200
249 708 267 737 10

249 1634 266 1662 10

298 180 352 220 40
741 183 979 218 CORNELII
999 182 1209 219 NEPOTIS

296 261 512 317 pecuniam
525 264 780 300 numeratam
800 258 1040 313 accepisset,
1066 259 1134 300 ille
1154 259 1264 301 cives
1287 273 1384 301 suos
1406 274 1505 315 agro
1525 266 1646 314 atque

297 323 465 364 urbibus
480 321 622 376 augeri
635 320 778 361 maluit
791 335 915 374 quam
929 321 971 361 id
985 336 1159 371 sumere,
1170 322 1287 363 cuius
1301 327 1460 376 partem
1475 323 1645 363 domum

297 399 414 425 suam
450 384 557 424 ferre
592 391 747 437 posset.
796 383 933 436 itaque
969 383 1128 438 accepit
1159 382 1375 425 Crithoten
1400 391 1439 425 et
1466 383 1646 425 Sestum.

362 445 419 486 II.
458 445 575 485 Idem
594 445 716 485 classi
734 445 966 499 praefectus
987 444 1296 486 circumvehens
1315 445 1648 500 Peloponnesum

292 508 531 549 Laconicen
565 507 786 562 populatus
823 507 999 548 classem
1035 521 1176 548 eorum
1200 508 1372 563 fugavit.
1424 507 1650 562 Corcyram

295 569 372 610 sub
397 569 614 623 imperium
639 568 959 609 Atheniensium
983 569 1162 624 redegit,
1196 570 1413 624 sociosque
1443 570 1553 610 idem
1579 570 1650 611 ad-

293 631 425 672 iunxit
448 631 656 685 Epirotas,
682 630 955 680 Athamanas,
984 630 1179 671 Chaonas
1205 646 1430 685 omnesque
1455 647 1524 673 eas
1550 646 1651 687 gen-

294 701 373 742 tes,
410 707 516 746 quae
551 706 663 732 mare
693 692 795 731 illud
826 692 1025 732 adiacent.
1074 706 1157 745 quo
1187 692 1298 733 facto
1327 693 1651 734 Lacedaemonii

294 756 344 795 de
369 755 526 794 diutina
549 753 807 794 contentione
826 753 1069 794 destiterunt
1094 759 1134 794 et
1159 768 1236 794 sua
1262 762 1406 808 sponte
1423 754 1651 795 Athenien-

295 817 408 856 sibus
440 815 601 869 imperii
630 814 823 855 maritimi
853 813 1129 868 principatum
1166 824 1457 856 concesserunt
1487 831 1652 870 pacem-

293 893 373 932 que
398 877 461 917 his
487 876 649 932 legibus
675 876 991 925 constituerunt,
1023 882 1068 916 ut
1091 875 1371 918 Athenienses
1397 878 1499 918 mari
1525 878 1649 918 duces

294 946 444 980 essent.
483 953 588 992 quae
618 938 789 979 victoria
813 944 950 978 tantae
981 937 1059 978 fuit
1082 937 1236 980 Atticis
1267 939 1463 989 laetitiae,
1494 946 1540 980 ut
1565 948 1652 980 tum

293 1002 471 1056 primum
502 1015 596 1041 arae
621 999 721 1040 Paci
746 999 910 1054 publice
942 999 1023 1040 sint
1053 999 1206 1050 factae,
1239 1001 1356 1054 eique
1389 1001 1490 1042 deae
1519 1001 1652 1056 pulvi-

295 1079 368 1104 nar
394 1063 446 1103 sit
470 1062 714 1103 institutum.
753 1062 870 1102 cuius
895 1062 1029 1102 laudis
1054 1069 1099 1102 ut
1125 1063 1322 1104 memoria
1346 1070 1546 1113 maneret,
1580 1063 1652 1103 Ti-

294 1125 458 1165 motheo
475 1124 639 1179 publice
660 1130 836 1164 statuam
855 1124 897 1164 in
916 1124 1005 1165 foro
1029 1131 1267 1178 posuerunt.
1305 1125 1375 1177 qui
1400 1125 1530 1165 honos
1556 1125 1652 1165 huic

294 1187 365 1228 uni
395 1194 488 1227 ante
517 1186 561 1227 id
590 1192 751 1240 tempus
784 1185 973 1241 contigit,
1004 1192 1068 1235 ut,
1101 1200 1195 1227 cum
1225 1187 1331 1241 patri
1360 1187 1536 1241 populus
1571 1193 1651 1227 sta-

294 1256 405 1289 tuam
423 1248 642 1303 posuisset,
668 1248 751 1288 filio
777 1262 940 1301 quoque
960 1248 1086 1288 daret.
1130 1248 1189 1289 sic
1213 1248 1327 1289 iuxta
1350 1249 1484 1302 posita
1507 1263 1650 1289 recens

294 1311 366 1350 filii
391 1317 570 1350 veterem
595 1309 722 1364 patris
747 1309 960 1350 renovavit
983 1309 1237 1350 memoriam.

361 1372 441 1412 III.
479 1371 563 1411 Hic
588 1386 682 1411 cum
714 1376 825 1411 esset
849 1386 1000 1426 magno
1033 1378 1131 1412 natu
1156 1378 1195 1412 et
1219 1372 1484 1427 magistratus
1510 1386 1651 1426 gerere

294 1434 481 1482 desisset,
508 1433 616 1475 bello
635 1432 913 1474 Athenienses
938 1434 1120 1487 undique
1139 1435 1270 1489 premi
1291 1441 1386 1475 sunt
1410 1435 1555 1489 coepti.
1583 1434 1653 1473 de-

293 1495 446 1536 fecerat
467 1494 618 1537 Samus
627 1511 637 1545 3
664 1494 865 1536 descierat
883 1494 1200 1550 Hellespontus3
1226 1497 1443 1551 Philippus
1462 1496 1544 1536 iam
1565 1504 1651 1536 tum

294 1557 434 1598 valens
464 1556 643 1598 Macedo
674 1557 803 1597 multa
839 1556 1101 1608 moliebatur,
1140 1559 1204 1599 eui
1246 1559 1458 1613 oppositus
1493 1559 1651 1599 Chares

294 1634 386 1659 cum
424 1626 551 1668 esset,
589 1634 671 1659 non
704 1619 803 1659 satis
835 1619 877 1659 in
907 1634 955 1660 co
986 1619 1181 1674 praesidii
1211 1620 1443 1675 putabatur.
1485 1620 1530 1660 fit
1559 1619 1653 1660 Me-

295 1681 488 1722 nestheus
514 1688 693 1736 praetor,
720 1681 827 1721 filius
853 1681 1071 1736 Iphicratis
1081 1713 1091 1732 ,
1117 1697 1246 1737 gener
1271 1682 1497 1731 Timothei,
1525 1688 1581 1731 et,
1608 1688 1653 1722 ut

293 1743 346 1783 ad
366 1742 519 1783 bellum
538 1743 833 1797 proficiscatur,
860 1744 1102 1784 decernitur.
1140 1744 1236 1785 huie
1255 1745 1297 1784 in
1316 1744 1532 1785 consilium
1552 1744 1652 1784 dan-

295 1813 359 1844 tur
384 1804 465 1845 duo
484 1819 563 1844 usu
583 1804 864 1858 sapientiaque
883 1812 1153 1858 praestantes,
1180 1820 1354 1859 quorum
1375 1806 1545 1847 consilio
1564 1812 1651 1846 utc-

294 1877 420 1915 retur,
447 1872 562 1920 pater
586 1875 626 1906 et
651 1880 784 1915 socer,
811 1866 922 1919 quod
945 1866 988 1906 in
1012 1866 1075 1908 his
1101 1874 1213 1908 tanta
1237 1874 1323 1908 erat
1347 1868 1580 1916 auctoritas,
1607 1875 1652 1907 ut

295 1943 446 1983 magna
483 1942 577 1982 spes
609 1934 736 1977 esset,
772 1942 847 1982 per
881 1942 952 1968 eos
983 1928 1138 1969 amissa
1167 1944 1291 1983 posse
1321 1929 1564 1983 recuperari.
1609 1929 1651 1968 hi

295 2006 387 2031 cum
417 1988 590 2030 Samum
614 1989 788 2044 profecti
813 1996 951 2030 essent
976 1996 1016 2030 et
1041 1991 1187 2031 eodem
1208 1990 1365 2032 Chares
1391 1991 1554 2031 illorum
1579 1991 1652 2032 ad-

296 2059 419 2092 ventu
444 2052 609 2106 cognito
634 2066 728 2091 cum
754 2051 838 2092 suis
865 2052 994 2106 copiis
1012 2052 1351 2106 proficisceretur,
1378 2068 1428 2093 ne
1455 2053 1554 2105 quid
1579 2052 1652 2093 ab-

295 2119 410 2154 sente
442 2128 486 2154 se
516 2119 681 2168 gestum
714 2113 938 2161 videretur,
971 2114 1136 2164 accidit,
1168 2129 1263 2155 eum
1294 2115 1346 2155 ad
1376 2115 1553 2155 insulam
1579 2129 1651 2168 ap-

293 2177 626 2230 propinquarent,
653 2181 697 2215 ut
715 2190 866 2230 magna
884 2182 1106 2230 tempestas
1128 2184 1321 2225 oreretur,
1348 2190 1472 2229 quam
1498 2175 1649 2216 evitare

294 2238 374 2278 duo
400 2245 558 2279 veteres
589 2237 854 2291 imperatores
879 2238 977 2278 utile
1003 2237 1183 2279 arbitrati
1210 2254 1326 2279 suam
1353 2238 1529 2279 classem
1555 2252 1651 2292 sup-

294 2307 542 2354 presserunt.
580 2300 712 2341 atille
745 2301 960 2341 temeraria
991 2316 1091 2341 usus
1122 2302 1277 2342 ratione
1307 2315 1391 2341 non
1416 2300 1540 2341 cessit
1564 2315 1651 2341 ma-

295 2363 425 2403 iorum
451 2368 549 2403 natu
574 2361 821 2411 auctoritati,
854 2369 910 2411 et,
943 2369 987 2403 ut
1011 2363 1052 2402 in
1078 2378 1153 2404 sua
1184 2378 1309 2404 manu
1340 2368 1448 2403 esset
1473 2362 1649 2410 fortuna,

293 2438 375 2476 quo
401 2423 682 2472 contenderat,
714 2424 918 2477 pervenit,
951 2425 1179 2478 eodemque
1211 2431 1253 2465 ut
1281 2431 1566 2478 sequerentur,
1598 2423 1650 2464 ad

294 2484 557 2526 Timotheum
596 2492 636 2525 et
666 2485 914 2539 Iphicratem
951 2487 1138 2527 nuntium
1170 2487 1291 2527 misit.
1339 2486 1435 2527 hinc
1470 2485 1576 2526 male
1606 2499 1650 2525 re

293 2555 429 2601 gesta,
466 2547 744 2602 compluribus
777 2548 940 2589 amissis
971 2548 1167 2598 navibus,
1201 2563 1268 2598 eo,
1300 2549 1410 2588 unde
1442 2554 1527 2588 erat
1555 2561 1649 2601 pro-

294 2610 444 2658 sectus,
478 2624 522 2650 se
553 2610 704 2664 recepit
733 2610 970 2664 litterasque
995 2610 1184 2652 Athenas
1213 2610 1378 2665 publice
1409 2609 1537 2657 misit,
1571 2607 1647 2648 sibi

295 2670 473 2723 proclive
505 2671 635 2712 fuisse
662 2670 834 2712 Samum
867 2686 1030 2725 capere,
1064 2672 1141 2713 nisi
1172 2688 1196 2712 a
1221 2671 1440 2712 Timotheo
1472 2676 1511 2710 et
1534 2668 1647 2723 Iphi-
