1788 3200
295 181 349 222 32
732 185 975 222 CORNELII
996 185 1214 221 NEPOTIS

295 265 430 304 minus
455 267 621 316 propter
645 276 780 302 mores
806 275 931 315 quam
956 261 1212 303 affinitatem.
1250 276 1429 316 namque
1454 262 1531 303 etsi
1549 261 1653 302 Dio-

295 325 403 379 nysii
427 323 646 364 crudelitas
672 323 709 364 ei
739 323 1000 378 displicebat,
1033 329 1171 365 tamen
1203 324 1363 365 salvum
1393 330 1561 378 propter
1583 337 1654 364 ne-

295 385 600 435 cessitudinem,
627 385 760 441 magis
786 385 910 426 etiam
935 400 1103 426 suorum
1129 400 1289 435 caussa,
1317 384 1521 426 studebat.
1559 385 1655 425 ade-

293 454 356 488 rat
380 447 423 488 in
447 448 609 503 magnis
634 447 776 497 rebus,
810 447 981 500 eiusque
1011 447 1181 488 consilio
1207 447 1381 488 multum
1411 446 1655 488 movebatur

295 517 506 564 tyrannus,
532 509 612 550 nisi
625 524 707 563 qua
724 510 767 550 in
779 524 822 550 re
836 510 966 550 maior
977 509 1107 564 ipsius
1128 510 1331 563 cupiditas
1351 509 1652 550 intercesserat.

249 584 267 612 «1
294 572 522 627 legationes
547 586 644 612 vero
670 586 832 621 omnes,
865 586 971 625 quae
997 578 1136 612 essent
1159 571 1420 621 illustriores,
1451 585 1526 625 per
1549 570 1655 611 Dio-

296 649 391 675 nem
405 633 813 682 administrabantur3
834 647 936 686 quas
957 633 1124 686 quidem
1137 633 1204 673 ille
1219 633 1436 688 diligenter
1448 632 1653 680 obeundo,

296 695 470 736 fideliter
500 695 824 736 administrando
856 694 1187 735 crudelissimum
1211 709 1364 736 nomen
1393 694 1555 749 tyranni
1580 709 1655 736 sua

251 769 270 797 ῡ
296 756 550 797 humanitate
581 755 759 810 tegebat.
796 756 907 796 1111110
938 771 962 796 a
991 755 1199 810 Dionysio
1229 756 1404 797 missum
1437 756 1657 811 Carthagi-

295 818 459 858 nienses
486 823 778 872 suspexerunt,
804 824 850 857 ut
873 816 1081 857 neminem
1105 832 1304 871 umquam
1330 815 1492 859 Graeca
1515 817 1658 872 lingua

295 880 532 933 loquentem
556 879 689 934 magis
717 878 798 919 sint
822 878 1025 919 admirati.

256 953 267 980 1
364 941 423 982 11.
459 941 605 994 Neque
624 955 721 981 vero
740 940 843 981 haec
861 940 1115 995 Dionysium
1135 939 1362 996 fugiebant.
1388 955 1484 981 nam
1505 946 1657 993 quanto

297 1009 408 1045 esset
438 1003 517 1044 sibi
554 1010 794 1044 ornamento
826 1002 1040 1044 sentiebat.
1088 1018 1170 1057 quo
1200 1004 1343 1053 fiebat,
1380 1010 1426 1045 ut
1460 1005 1530 1045 uni
1561 1004 1658 1045 huic

297 1065 476 1106 maxime
506 1065 739 1120 indulgeret
767 1080 902 1119 neque
933 1080 1027 1106 eum
1059 1080 1178 1107 secus
1211 1066 1399 1121 diligeret
1429 1081 1477 1108 ac
1507 1067 1657 1116 filium;

297 1127 368 1180 qui
386 1127 566 1180 quidem,
593 1141 687 1168 cum
707 1127 926 1168 Platonem
946 1127 1175 1169 Tarentum
1199 1129 1366 1169 venisse
1391 1128 1504 1169 fama
1528 1129 1570 1168 in
1592 1127 1658 1169 Si-

297 1189 433 1230 ciliam
459 1195 569 1230 esset
591 1189 759 1243 perlata,
787 1190 1038 1231 adolescenti
1056 1205 1209 1245 negare
1233 1205 1317 1231 non
1340 1190 1531 1245 potuerit,
1559 1190 1657 1243 quin

298 1267 393 1293 eum
418 1258 657 1301 accerseret,
685 1267 779 1292 cum
792 1252 906 1293 Dion
932 1253 1019 1293 eius
1045 1253 1239 1293 audiendi
1264 1252 1486 1307 cupiditate
1511 1252 1658 1307 flagra-

296 1321 369 1354 ret.
407 1314 520 1354 dedit
537 1327 636 1368 ergo
655 1313 752 1354 huic
770 1314 935 1354 veniam
955 1329 1190 1370 magnaque
1215 1329 1310 1354 eum
1335 1314 1557 1355 ambitione
1579 1313 1659 1368 Sy-

253 1385 272 1412 :5
296 1390 464 1416 racusas
495 1375 700 1428 perduxit.
743 1389 868 1428 quem
897 1375 1013 1416 Dion
1043 1376 1147 1417 adeo
1178 1376 1404 1416 admiratus
1436 1381 1500 1416 est
1535 1381 1659 1428 atque

297 1436 517 1485 adamavit,
543 1442 590 1476 ut
608 1451 652 1477 se
672 1436 710 1477 ei
728 1442 859 1477 totum
884 1437 1075 1478 traderet.
1112 1452 1248 1490 neque
1267 1452 1364 1478 vero
1383 1437 1519 1478 minus
1538 1436 1660 1478 Plato

297 1498 523 1539 delectatus
543 1505 606 1539 est
623 1498 774 1539 Dione.
812 1498 951 1552 itaque
971 1513 1064 1539 cum
1090 1514 1114 1539 a
1138 1506 1312 1553 tyranno
1332 1498 1549 1540 crudeliter
1573 1498 1660 1539 vio-

296 1560 404 1601 latus
431 1566 558 1610 esset,
591 1560 744 1614 quippe
769 1574 894 1613 quem
924 1561 1167 1601 venumdari
1190 1561 1398 1610 iussisset,
1430 1566 1569 1601 tamen
1593 1575 1660 1601 eo-

252 1632 272 1661 4
298 1623 393 1663 (10111
417 1622 536 1663 rediit
567 1622 754 1663 eiusdem
777 1622 929 1663 Dionis
954 1622 1146 1677 precibus
1178 1623 1394 1663 adductus.
1431 1622 1594 1662 interim
1618 1622 1660 1662 in

298 1683 489 1725 morbum
518 1683 661 1724 incidit
684 1683 930 1737 Dionysius.
968 1699 1050 1737 quo
1076 1699 1171 1725 cum
1201 1684 1319 1739 gravi
1345 1684 1658 1733 conflictaretur,

298 1745 502 1798 quaesivit
527 1760 551 1785 a
574 1745 746 1785 medicis
770 1745 903 1794 Dion,
936 1746 1287 1798 quemadmodum
1318 1760 1361 1787 se
1387 1745 1574 1795 haberet,
1608 1746 1661 1786 si-

299 1806 467 1859 mulque
486 1806 537 1847 ab
563 1806 627 1847 his
646 1806 775 1860 petiit,
803 1807 838 1847 si
862 1806 967 1847 forte
993 1807 1137 1847 maiori
1162 1813 1272 1848 esset
1290 1807 1484 1861 periculo,
1512 1813 1557 1847 ut
1582 1806 1660 1847 sibi

299 1868 542 1908 faterentur:
579 1883 676 1908 nam
711 1868 817 1909 velle
854 1883 898 1909 50
935 1883 1030 1908 011111
1066 1883 1114 1909 eo
1146 1868 1324 1922 colloqui
1360 1869 1410 1909 de
1447 1868 1660 1923 partiendo

298 1945 445 1985 regno,
478 1930 589 1983 quod
614 1930 764 1971 sororis
791 1945 891 1971 suae
916 1930 1021 1971 filios
1048 1945 1100 1970 cx
1124 1930 1193 1971 illo
1218 1936 1336 1971 natos
1362 1937 1519 1985 partem
1544 1930 1659 1984 regni

256 2003 275 2032 ὁ
298 1992 471 2046 putabat
491 1992 640 2033 debere
659 1992 824 2033 habere.
861 1992 903 2032 id
922 1992 1071 2032 medici
1090 2007 1173 2033 non
1192 1998 1408 2033 tacuerunt
1427 1998 1467 2033 01
1485 1992 1538 2032 ad
1556 1992 1661 2032 Dio-

299 2054 464 2108 nysium
495 2054 623 2095 filium
656 2068 888 2095 sermonem
918 2054 1155 2095 retulerunt.
1205 2069 1286 2107 quo
1317 2054 1385 2095 ille
1416 2060 1659 2103 commotus,

299 2130 351 2156 ne
387 2116 538 2171 agendi
573 2122 683 2157 esset
712 2116 841 2157 Dioni
876 2123 1076 2171 potestaS,
1114 2117 1220 2170 patri
1256 2131 1447 2170 soporem
1478 2116 1659 2157 medicos

300 2178 397 2218 dare
429 2178 576 2232 coegit.
614 2178 693 2219 hoc
725 2192 849 2234 aeger
880 2184 1044 2232 sumpto
1073 2176 1136 2233 [ut
1168 2177 1331 2233 somno]
1360 2178 1519 2233 sopitus
1551 2178 1660 2218 diem

300 2238 401 2279 obiit
426 2254 678 2294 supremum.

257 2311 271 2340 1
344 2300 448 2341 ‘HL
489 2301 591 2342 Tale
627 2301 788 2342 initium
826 2301 904 2342 fuit
933 2302 1084 2343 Dionis
1123 2308 1163 2342 ct
1194 2301 1390 2357 Dionysii
1427 2300 1660 2351 simultatis,

300 2377 429 2416 caque
455 2363 594 2404 multis
620 2363 743 2405 rebus
776 2370 896 2405 aucta
927 2370 1001 2405 est.
1040 2364 1114 2405 sed
1139 2371 1276 2405 tamen
1301 2363 1443 2418 primis
1470 2364 1662 2418 tempori-

300 2424 377 2466 bus
414 2424 668 2478 aIIquamdiu
705 2426 896 2467 simulata
920 2426 1025 2467 inter
1055 2441 1125 2467 005
1157 2426 1337 2467 amicitia
1368 2425 1529 2467 mansit.
1567 2439 1660 2466 cum

299 2485 413 2526 Dion
443 2502 525 2527 non
561 2487 778 2528 desisteret
812 2487 1027 2529 obsecrare
1059 2488 1331 2543 Dionysium,
1369 2494 1414 2528 ut
1443 2487 1660 2528 Platonem

299 2548 478 2589 Athenis
510 2555 737 2590 arcesseret
767 2556 807 2590 et
837 2550 924 2591 eius
956 2550 1138 2592 consiliis
1170 2556 1369 2600 uteretur,
1401 2549 1487 2599 ille,
1519 2549 1589 2602 qui
1620 2548 1660 2588 in

258 2623 275 2650 2
302 2609 438 2661 aliqua
462 2625 505 2651 re
531 2611 654 2651 vellet
683 2617 841 2665 patrem
872 2611 1040 2661 imitari,
1073 2627 1231 2652 morem
1256 2612 1293 2652 ei
1317 2611 1459 2666 gessit.
1497 2610 1660 2651 codem-

303 2670 478 2724 dcmquc
505 2678 687 2726 tempore
711 2673 934 2714 Philistum
960 2674 1201 2715 historicum
1228 2672 1458 2728 Syracusas
1485 2671 1659 2718 reduxit,
1714 2690 1715 2693 ¹

253 1138 271 1167 ¹0
