1741 3184
627 232 921 268 MILTIADES.
1427 227 1453 266 3

101 325 241 351 eorum
272 308 480 350 voluntate
510 312 708 360 perpetuo
738 307 956 361 imperium
986 308 1204 358 obtineret,
1236 310 1307 363 qui
1332 310 1454 351 mise-

100 379 201 420 rant,
228 385 352 423 quam
376 367 556 417 illoruni,
589 382 683 408 cum
713 368 863 420 quibus
895 376 981 409 erat
1004 370 1225 423 profectus.
1276 370 1454 413 Cherso-
1478 384 1499 412 4

99 448 200 474 neso
226 432 295 472 tali
319 430 442 471 modo
474 429 696 470 constituta
719 430 930 470 Lemnum
954 432 1170 472 revertitur
1194 439 1234 473 et
1258 448 1310 474 ex
1333 441 1454 488 paeto

99 493 295 548 postulat,
327 498 373 531 ut
398 490 477 532 sibi
507 490 652 531 urbem
677 491 852 530 tradant.
900 491 959 531 illi
990 492 1099 532 enim
1123 493 1328 544 dixerant,
1361 510 1454 536 eum

98 562 221 596 vento
241 553 366 594 borea
384 553 506 593 domo
525 551 736 607 profectus
751 567 799 593 eo
817 553 1086 606 pervenisset,
1114 568 1206 595 sese
1226 555 1453 599 dedituros:

100 630 144 656 se
180 621 317 656 autem
354 614 523 654 domum
562 613 815 654 Chersonesi
851 613 1015 655 habere.
1078 614 1225 665 Cares,
1262 617 1333 669 qui
1369 624 1454 659 tuni

97 677 308 718 Lemnum
332 674 576 724 incolebant,
603 675 681 716 etsi
705 681 866 729 praeter
890 676 1124 729 opinionem
1148 691 1214 718 res
1240 678 1453 729 ceciderat,

98 746 236 779 tamen
260 752 343 778 non
361 736 483 786 dicto,
511 736 585 778 sed
611 736 793 777 secunda
811 735 975 778 fortuna
994 737 1322 780 adversariorum
1347 743 1456 796 capti

97 800 287 841 resistere
312 799 404 840 ausi
427 814 510 839 non
536 804 632 839 sunt
656 804 779 851 atque
803 812 854 839 ex
878 798 1014 839 insula
1037 799 1329 855 demigrarunt.
1367 803 1456 856 pari

98 862 293 903 felicitate
318 869 476 903 ceteras
502 861 672 910 insulas,
699 875 805 914 quae
833 860 1038 915 Cyclades
1063 862 1344 913 nominantur,
1378 864 1455 906 sub

99 924 422 966 Atheniensium
446 923 606 977 redegit
630 929 890 976 potestatem.

166 986 246 1026 ΠΙ.
282 985 459 1026 Eisdem
484 984 738 1039 temporibus
758 983 982 1024 Persarum
1006 999 1080 1025 rex
1096 984 1253 1026 Darius
1280 1000 1332 1026 ex
1349 985 1456 1027 Asia

98 1049 139 1089 in
164 1048 378 1101 Europam
409 1046 592 1087 exercitu
622 1047 790 1086 traiecto
823 1044 991 1099 Scythis
1022 1046 1176 1087 bellum
1206 1047 1356 1089 inferre
1387 1049 1458 1089 de-

99 1109 237 1150 crevit.
291 1114 458 1162 pontem
489 1107 587 1148 fecit
617 1107 660 1147 in
688 1107 836 1147 Histro
867 1107 1054 1156 flumine,
1086 1122 1169 1160 qua
1199 1109 1338 1163 eopia-s
1377 1116 1458 1150 tra-

98 1171 277 1211 duceret.
327 1169 415 1210 eius
440 1169 598 1223 pontis,
631 1169 731 1209 dum
756 1169 845 1223 ipse
871 1168 1049 1218 abesset,
1076 1170 1269 1211 custodes
1293 1171 1458 1224 reliquit

96 1231 322 1286 principeS,
353 1245 458 1284 quos
486 1245 628 1271 secum
658 1245 710 1271 ex
733 1230 853 1271 Ionia
877 1236 918 1271 et
941 1229 1117 1271 Aeolide
1142 1231 1335 1282 duxerat3
1367 1233 1458 1285 qui-

98 1293 176 1334 bus
209 1292 384 1348 singulis
416 1293 600 1346 ipsarum
636 1291 802 1333 urbium
831 1300 1031 1346 perpetua
1066 1293 1235 1333 dederat
1269 1293 1454 1348 imperia.

100 1356 160 1396 sic
201 1356 311 1396 enim
347 1355 542 1395 facillime
578 1354 738 1408 putavit
775 1369 818 1395 se
851 1352 1013 1395 Graeca
1047 1354 1191 1409 lingua
1225 1355 1454 1408 loquentes,

99 1416 169 1469 qui
198 1416 348 1457 Asiam
378 1416 618 1464 incolerent,
652 1415 729 1456 sub
767 1430 842 1456 sua
876 1422 1131 1456 retenturum
1161 1422 1382 1470 potestate,
1422 1417 1457 1457 si

100 1478 242 1518 amicis
269 1478 355 1518 suis
381 1477 534 1531 oppida
558 1477 711 1517 tuenda
736 1477 985 1526 tradidisset,
1012 1477 1162 1530 quibus
1189 1492 1233 1518 se
1257 1493 1456 1532 oppresso

101 1539 214 1580 nulla
239 1554 334 1593 spes
361 1539 504 1580 salutis
530 1538 839 1591 relinqueretur.
888 1539 930 1579 in
954 1538 1033 1579 hoc
1063 1539 1142 1579 fuit
1168 1545 1254 1579 tum
1285 1554 1456 1580 numero

99 1600 333 1650 Miltiades,
373 1601 439 1641 cui
480 1601 550 1641 illa
581 1600 769 1641 custodia
804 1600 1048 1641 crederetur.
1102 1600 1170 1641 hic
1200 1615 1295 1641 eum
1326 1601 1458 1642 crebri

100 1664 293 1703 afferrent
327 1662 477 1710 nuntii,
521 1661 627 1702 male
662 1676 749 1702 rem
784 1676 927 1716 gerere
963 1661 1142 1701 Darium
1183 1662 1397 1716 premique
1433 1678 1457 1703 a

102 1724 283 1779 Scythis,
309 1723 523 1764 Miltiades
549 1723 735 1763 hortatus
761 1729 825 1764 est
853 1723 990 1777 pontis
1017 1723 1223 1772 custoch,
1249 1738 1300 1764 ne
1326 1739 1350 1764 a
1374 1724 1457 1764 for-

99 1794 198 1826 tuna
228 1786 367 1825 datam
397 1785 659 1825 occasionem
694 1784 931 1825 liberandae
964 1784 1161 1824 Graeciae
1193 1785 1454 1825 dimitterent.

98 1862 196 1888 nam
226 1847 261 1887 si
286 1861 381 1886 cum
411 1846 473 1886 his
500 1847 649 1900 copiis,
681 1860 785 1899 quas
812 1860 953 1886 secum
985 1852 1299 1900 transportarat,
1332 1847 1455 1887 inter-

98 1909 200 1950 isset
223 1907 398 1956 Darius,
431 1923 514 1948 non
540 1907 674 1948 solum
697 1907 913 1961 Europam
938 1907 1025 1947 fore
1051 1914 1200 1956 tutam,
1235 1908 1309 1948 sed
1334 1909 1456 1948 ctiam

99 1986 182 2020 eos,
209 1970 280 2023 qui
303 1969 453 2010 Asiam
478 1969 700 2010 incolerent
727 1967 877 2010 Graeci
902 1984 1064 2023 genere,
1091 1969 1240 2010 liberos
1267 1985 1291 2010 a
1308 1969 1457 2010 Persa-

97 2047 189 2073 rum
213 2032 374 2072 futuros
394 2031 671 2072 dominatione
691 2038 730 2071 et
754 2030 935 2085 periculo
944 2047 954 2079 ς
981 2036 1020 2070 et
1045 2030 1164 2071 facile
1186 2030 1294 2071 effici
1318 2045 1454 2085 posse,

96 2100 222 2148 ponte
253 2093 361 2134 enim
396 2093 574 2133 rescisso
604 2107 747 2148 regem
777 2093 842 2133 vel
872 2092 1054 2133 hostium
1084 2092 1193 2133 ferro
1223 2092 1289 2133 vel
1319 2093 1458 2147 inopia

97 2155 241 2209 paucis
273 2154 418 2195 diebus
448 2154 719 2195 interiturum.
774 2154 827 2195 ad
857 2154 935 2195 hoc
966 2154 1184 2195 consilium
1215 2168 1311 2194 eum
1334 2154 1456 2208 pleri-

97 2231 178 2269 que
198 2217 450 2265 aecederent,
471 2216 686 2256 Histiaeus
700 2216 906 2264 Milesius,
928 2231 978 2256 ne
997 2230 1062 2256 res
1084 2215 1364 2264 conficeretur,
1385 2215 1457 2256 ob-

99 2278 200 2317 stitit
217 2278 377 2318 dicens2
402 2292 485 2317 non
503 2278 613 2318 idem
637 2278 752 2332 ipsis,
779 2278 849 2330 qui
869 2293 1053 2318 summas
1073 2277 1233 2331 imperii
1258 2284 1453 2324 tenerent,

99 2338 292 2391 expedire
323 2344 363 2378 et
392 2339 662 2388 multitudini,
694 2340 806 2392 quod
834 2339 956 2380 Darii
985 2353 1114 2393 regno
1145 2339 1328 2392 ipsorum
1354 2338 1456 2380 nite-

98 2408 210 2442 retur
239 2401 483 2450 dominatio3
519 2416 600 2454 quo
631 2402 833 2442 exstincto
868 2402 981 2455 ipsos
1018 2407 1222 2455 potestate
1259 2400 1454 2454 expulsos

99 2463 259 2504 civibus
287 2463 372 2503 suis
398 2477 552 2516 poenas
585 2463 764 2503 daturos.
813 2464 957 2515 itaque»
983 2463 1086 2503 adeo
1118 2477 1162 2503 se
1188 2462 1405 2502 abhorrere
1432 2476 1456 2500 a

100 2532 328 2565 ceterorum
354 2524 536 2571 consilio,
568 2531 614 2563 ut
637 2524 738 2563 nihil
763 2530 879 2577 putet
902 2523 1004 2576 ipsis
1030 2524 1183 2571 utilius,
1210 2537 1334 2575 quam
1360 2535 1456 2561 con-

99 2586 253 2627 firmari
277 2600 451 2640 regnum
472 2585 708 2626 Persarum.
745 2585 868 2625 huius
901 2600 995 2625 cum
1021 2584 1265 2625 sententiam
1289 2582 1455 2637 plurimi

100 2654 240 2689 essent
259 2648 401 2696 secuti,
429 2647 654 2696 Miltiades,
680 2662 764 2687 non
788 2646 981 2687 dubitans
1007 2652 1090 2686 tam
1115 2645 1253 2685 multis
1279 2644 1453 2685 consciis

100 2710 154 2751 ad
176 2710 287 2765 regis
313 2724 432 2751 aures
453 2709 624 2750 consilia
644 2723 719 2750 sua
742 2715 1000 2762 perventura,
1029 2706 1336 2748 Chersonesum
1362 2705 1455 2745 reli-

1129 2773 1170 2804 lll-

1483 998 1496 1025 1

1482 1365 1500 1393 10

1482 1610 1500 1638 3

1481 2165 1499 2192 ἵ)
