1788 3200
247 1470 265 1499 [ὗ

297 194 351 235 5ss
735 197 975 232 CORNELII
996 196 1211 233 NEPOTIS

294 284 383 319 rent
411 289 572 329 semper
596 288 734 329 regeS‚
762 273 927 314 nomine
954 274 1087 329 magis
1114 289 1237 328 quam
1263 274 1449 329 imperio,
1476 288 1526 316 ex
1555 275 1661 317 dua-

296 340 373 379 bus
398 336 566 378 familiis
591 335 729 376 Procli
755 344 793 376 01
818 335 1113 390 Eurysthenis,
1147 337 1216 390 qui
1247 336 1453 391 principes
1485 351 1537 377 ex
1561 352 1655 392 pro-

296 400 416 455 genie
431 398 627 439 Herculis
650 396 825 452 Spartae
850 412 969 453 reges
996 398 1174 440 fuerunt.
1212 399 1359 440 horum
1385 414 1437 440 ex
1462 398 1589 440 altera
1612 400 1654 440 in

294 462 460 503 alterius
487 461 666 502 familiae
687 461 822 501 locum
842 461 928 501 fieri
954 476 1034 502 non
1059 461 1226 502 licebat:
1252 461 1310 503 ita
1333 469 1505 515 utraque
1532 477 1652 503 suum

294 523 496 566 retinebat
520 523 715 565 ordinem.
755 523 932 578 primum
958 524 1060 565 ratio
1086 524 1326 574 habebatur,
1353 524 1423 578 qui
1448 524 1653 565 maximus

293 594 392 628 natu
418 593 527 628 esset
553 601 603 627 ex
629 585 768 627 liberis
795 587 902 636 eius,
930 587 1000 639 qui
1024 601 1203 641 regnans
1230 587 1477 628 decessisset
1487 603 1497 636 3
1530 587 1594 627 sin
1618 586 1652 627 is

293 649 452 690 virilem
473 663 619 690 sexum
644 663 726 689 non
746 648 992 701 reliquisset,
1020 656 1106 689 tum
1127 649 1394 704 deligebatur,
1421 650 1491 703 qui
1514 648 1654 704 proxi-

294 727 385 754 mus
417 719 527 753 essct
557 711 874 765 propinquitate.
920 718 1106 752 mortuus
1140 720 1225 751 erat
1256 710 1365 765 Agis
1397 726 1488 761 rex,
1526 711 1654 752 frater

291 774 493 829 Agesilai.
531 773 660 813 filium
685 772 904 825 reliquerat
928 772 1244 826 Leotychidem,
1271 787 1394 826 quem
1419 773 1486 813 ille
1511 779 1652 813 natum

292 851 375 876 11011
406 841 597 890 agnoratg
635 834 811 874 eundem
844 833 1022 874 moriens
1055 848 1175 875 suum
1208 848 1300 874 esse
1326 834 1496 875 dixerat.
1540 834 1576 874 is
1602 834 1652 874 de

292 898 447 939 honore
471 897 588 952 regni
614 911 708 936 cum
733 895 948 950 Agesilao,
975 902 1121 950 patruo
1148 911 1235 945 suo,
1263 896 1484 946 contendit,
1517 910 1651 949 neque

292 960 352 1009 id,
385 959 496 1013 quod
526 958 690 1013 petivit,
724 964 972 999 consecutus
1005 966 1079 998 est.
1124 973 1220 999 nam
1251 958 1473 1012 Lysandro
1506 957 1653 998 suffra-

292 1029 428 1077 gante,
461 1021 639 1071 homine,
672 1027 717 1061 ut
742 1021 998 1062 ostendimus
1026 1036 1162 1075 supra,
1195 1021 1369 1062 factioso
1395 1028 1435 1062 01
1459 1021 1523 1062 his
1550 1028 1651 1062 tem—

291 1084 459 1139 poribus
486 1090 663 1138 potente,
690 1082 916 1138 Agesilaus
943 1083 1146 1124 antelatus
1173 1091 1246 1124 est.

360 1146 417 1187 II.
455 1146 540 1187 Hic
565 1146 812 1199 simulatque
832 1146 993 1200 imperii
1017 1146 1171 1200 potitus
1199 1152 1272 1195 cst,
1300 1146 1505 1201 persuasit
1518 1146 1654 1187 Lace-

293 1209 539 1257 daemoniis,
578 1215 622 1248 ut
653 1209 858 1249 exercitus
890 1208 1122 1249 emitterent
1156 1208 1198 1248 in
1229 1208 1378 1249 Asiam
1415 1208 1652 1262 bellumque

291 1271 379 1326 regi
404 1270 599 1319 facerent,
626 1270 779 1310 docens
807 1270 935 1310 satius
962 1284 1053 1311 0550
1078 1269 1119 1310 111
1140 1269 1247 1311 Asia
1266 1285 1391 1323 quam
1417 1270 1459 1310 in
1478 1270 1650 1324 Europa

292 1332 490 1373 dimicari.
544 1346 722 1384 namque
759 1331 872 1372 fama
907 1332 1080 1381 exierat,
1113 1331 1378 1373 Artaxerxen
1414 1347 1652 1386 comparare

292 1394 447 1435 classes
474 1393 770 1448 pedestresque
790 1394 1007 1443 exercitus,
1035 1408 1139 1447 quos
1165 1394 1206 1434 in
1222 1392 1441 1435 Graeciam
1461 1394 1651 1435 mitteret.

291 1457 387 1497 data
410 1462 614 1511 potestate
640 1462 753 1497 tanta
778 1456 984 1497 celeritate
1010 1471 1110 1497 usus
1138 1462 1211 1506 est,
1239 1463 1284 1497 ut
1302 1456 1416 1511 prius
1442 1456 1485 1496 in
1504 1456 1652 1497 Asiam

292 1534 386 1559 eum
417 1518 546 1573 copiis
578 1518 826 1572 pervenerit,
859 1533 983 1572 quam
1019 1518 1123 1573 regii
1155 1524 1343 1573 satrapae
1375 1533 1470 1559 eum
1503 1518 1653 1559 scirent

291 1580 535 1635 profectum.
580 1595 661 1633 quo
693 1580 848 1621 factum
881 1587 960 1630 est,
993 1587 1038 1621 ut
1069 1596 1211 1622 omnes
1243 1581 1466 1635 imparatos
1499 1580 1664 1635 111111111-Δ

244 1656 262 1682 3
292 1643 519 1696 dentesque
551 1643 790 1683 offenderet.
839 1643 881 1683 id
920 1649 963 1683 ut
993 1643 1189 1698 cognovit
1220 1643 1543 1697 Tissaphernes,
1582 1642 1653 1696 qui

292 1720 500 1746 summum
531 1705 749 1759 imperium
781 1711 869 1745 tum
901 1705 1005 1746 inter
1035 1705 1266 1760 praefectos
1293 1705 1473 1746 habebat
1501 1705 1651 1760 regios,

291 1767 470 1808 indutias
496 1783 520 1807 a
545 1767 716 1808 Lacone
748 1767 891 1821 petivit
919 1768 1136 1817 simulans,
1176 1783 1220 1809 se
1253 1768 1350 1809 dare
1382 1783 1569 1822 operam,
1608 1774 1653 1807 ut

293 1829 638 1870 Lacedaemoniis
671 1844 765 1870 cum
796 1844 894 1884 rege
932 1829 1187 1878 conveniret,
1225 1844 1269 1870 re
1301 1836 1438 1870 autem
1469 1844 1567 1870 vera
1599 1829 1651 1869 ad

293 1891 432 1946 copias
453 1891 772 1945 comparandas3
800 1906 952 1944 casque
972 1891 1207 1945 impetravit
1226 1891 1464 1932 trimestres.
1502 1891 1652 1931 iuravit

291 1961 431 1995 autem
460 1960 651 2007 uterque,
686 1968 730 1994 se
761 1954 849 2010 sine
883 1953 976 1994 dolo
1007 1953 1187 1994 indutias
1219 1960 1571 1995 conservaturum.
1609 1953 1651 1993 in

291 2031 373 2069 qua
407 2015 597 2071 pactione
634 2031 796 2057 summa
832 2016 912 2057 fide
949 2016 1100 2057 mansit
1136 2015 1381 2071 Agesilaus3
1425 2024 1567 2057 contra
1603 2030 1652 2056 ea

292 2078 594 2133 Tissaphernes
620 2078 721 2119 nihil
746 2078 858 2119 aliud
884 2093 1008 2132 quam
1029 2078 1183 2119 bellum
1203 2078 1468 2133 comparavit.
1507 2078 1550 2118 id
1575 2078 1651 2118 etsi

292 2140 495 2181 sentiebat
518 2140 657 2190 Laco,
690 2148 828 2181 tamen
858 2141 1144 2181 iusiurandum
1170 2140 1363 2181 servabat
1392 2140 1651 2193 multumque

291 2202 333 2242 in
358 2217 407 2243 eo
433 2217 477 2244 se
502 2203 700 2256 consequi
721 2203 896 2252 dicebat,
923 2203 1034 2256 quod
1049 2203 1350 2257 Tissaphernes
1376 2201 1555 2257 periurio
1576 2217 1651 2242 suo

292 2272 332 2306 ct
355 2265 543 2306 homines
571 2265 657 2306 suis
682 2265 806 2306 rebus
833 2265 1083 2306 abalienaret
1108 2272 1148 2306 ct
1172 2265 1271 2305 deos
1299 2264 1378 2306 sibi
1407 2264 1533 2305 iratos
1559 2264 1651 2304 red-

291 2327 405 2368 deret
413 2344 423 2377 ;
451 2342 495 2368 sc
514 2334 652 2368 autem
673 2334 915 2368 conservata
933 2327 1130 2382 religione
1150 2327 1391 2368 confirmare
1412 2326 1649 2374 exercitum,

291 2404 385 2430 cum
411 2389 765 2439 animadverteret,
793 2389 915 2429 deum
935 2404 1086 2430 numen
1107 2389 1242 2430 facere
1263 2403 1417 2438 secum,
1443 2387 1651 2428 homines-

290 2466 371 2505 que
404 2451 483 2493 sibi
508 2452 724 2493 conciliare
757 2452 990 2502 amiciores,
1022 2452 1133 2506 quod
1163 2451 1226 2493 his
1259 2451 1424 2493 studere
1455 2464 1650 2492 consues-

291 2520 393 2564 sent,
420 2529 524 2568 quos
551 2529 794 2555 conservare
819 2515 943 2555 fidem
968 2514 1166 2556 viderent.

358 2576 439 2617 ΠΙ.
491 2576 719 2630 Postquam
762 2577 1013 2618 indutiarum
1055 2577 1262 2632 praeteriit
1299 2577 1405 2625 dics,
1449 2575 1647 2617 barbarus

291 2653 372 2678 11011
391 2639 597 2688 dubitans,
624 2640 734 2692 quod
754 2639 884 2693 ipsius
905 2646 1020 2680 crant
1040 2639 1215 2693 plurima
1228 2639 1435 2679 domicilia
1453 2638 1494 2678 in
1511 2636 1646 2683 Caria,

292 2707 328 2739 et
350 2716 397 2740 ca
418 2702 530 2755 regio
550 2701 612 2740 his
639 2701 894 2755 temporibus
916 2702 1044 2742 multo
1070 2701 1293 2755 putabatur
1312 2698 1646 2753 locupletissima,
1697 2727 1699 2729 ·
