1788 3200
269 1640 288 1670 [ὗ

312 191 367 231 20
753 193 995 229 CORNELII
1016 192 1231 229 NEPOTIS

313 271 456 313 classis
487 270 528 310 in
558 268 666 309 bello
697 267 827 309 multa
856 265 1075 309 crudeliter
1103 282 1307 322 avareque
1338 267 1505 309 fecisset
1535 267 1668 321 deque

313 334 376 373 his
402 331 525 372 rebus
553 330 831 385 suspicaretur
855 330 908 371 ad
932 330 1044 371 cives
1070 345 1167 371 suos
1193 345 1285 371 esse
1308 330 1525 385 perlatum,
1551 329 1668 384 petiit

312 410 336 434 a
372 392 663 441 Pharnabazo,
705 399 751 432 ut
791 391 845 433 ad
881 391 1057 446 ephoros
1094 392 1174 433 sibi
1215 392 1496 433 testimonium
1538 392 1666 440 daret,

312 464 467 508 quanta
503 454 719 496 sanctitate
754 453 909 494 bellum
946 454 1148 508 gessisset
1183 454 1399 507 sociosque
1437 459 1666 502 tractasset,

313 517 446 570 deque
471 531 520 557 ea
542 530 586 557 re
611 522 801 556 accurate
827 514 1040 556 scriberet:
1066 530 1261 570 magnam
1287 515 1396 556 enim
1415 515 1502 556 eius
1528 520 1669 555 aucto-

313 579 474 619 ritatem
504 578 546 618 in
577 592 626 618 ea
655 592 699 618 re
729 577 922 617 futuram.
971 576 1068 617 huic
1091 576 1159 617 ille
1190 576 1411 617 liberaliter
1434 576 1667 631 pollicetur3

311 640 462 681 librum
487 639 686 694 grandem
710 637 847 679 verbis
873 637 1013 679 multis
1039 638 1293 692 conscripsit,
1320 638 1362 678 in
1381 638 1530 691 quibus
1557 653 1670 678 sum-

313 702 391 742 mis
417 716 512 742 eum
537 700 617 740 fert
640 699 846 740 laudibus.
889 713 1014 752 quem
1044 713 1139 739 cum
1162 698 1333 753 legisset
1357 699 1667 753 probassetquc,

313 763 411 802 dum
444 762 648 816 signatur,
681 761 855 801 alterum
884 760 974 814 pari
1004 760 1307 814 magnitudine,
1339 766 1452 801 tanta
1483 760 1670 801 similitu-

313 825 426 872 dine,
464 831 509 863 ut
539 822 717 863 discerni
747 837 830 863 non
854 827 1015 876 posset,
1054 822 1262 876 signatum
1288 821 1479 870 subiecit,
1515 822 1558 862 in
1588 836 1669 874 quo

313 884 619 926 accuratissime
645 884 732 925 eius
752 883 966 924 avaritiam
990 883 1288 938 perfidiamque
1308 889 1534 924 accusarat.
1560 883 1671 923 hunc

313 946 552 1001 Lysander,
584 946 754 987 domum
780 960 874 986 cum
898 945 1086 994 redisset,
1113 952 1333 999 postquam
1359 945 1410 985 de
1436 945 1520 985 suis
1545 944 1669 986 rebus

312 1009 440 1063 gestis
463 1008 573 1062 apud
596 1008 824 1048 maximum
838 1007 1138 1062 magistratum,
1160 1021 1266 1060 quae
1285 1007 1483 1056 voluerat,
1498 1007 1669 1056 dixerat,

313 1070 537 1111 testimonii
561 1069 652 1110 loco
677 1069 828 1110 librum
854 1068 1164 1110 aPharnabazo
1184 1069 1325 1110 datum
1345 1069 1523 1109 tradidit.
1561 1068 1671 1109 hunc

315 1138 520 1173 summoto
538 1131 762 1186 Lysandro
782 1146 876 1172 cum
895 1131 1038 1186 ephori
1057 1137 1318 1186 cognossent,
1344 1130 1424 1185 ipsi
1448 1130 1671 1185 legendum

314 1193 526 1235 dederunt.
563 1193 620 1234 ita
644 1193 711 1234 ille
737 1193 976 1248 imprudens
1001 1193 1091 1247 ipse
1117 1208 1217 1234 suus
1243 1192 1322 1233 fuit
1346 1198 1573 1233 accusator.

688 1339 788 1381 VII.
836 1338 1290 1381 ALCIBIADES.

383 1441 417 1482 Ι.
448 1439 703 1490 Alcibiades,
721 1440 880 1482 Cliniae
898 1440 1020 1490 filius,
1034 1439 1317 1481 Atheniensis.
1343 1439 1385 1480 in
1398 1439 1475 1481 hoc
1489 1439 1589 1493 quid
1602 1455 1674 1480 na-

314 1509 405 1544 tura
434 1503 598 1544 efficere
628 1503 778 1558 possit,
812 1503 974 1544 videtur
1004 1509 1184 1558 experta.
1230 1501 1406 1543 Constat
1430 1502 1539 1542 enim
1568 1501 1674 1542 inter

313 1579 476 1614 omnes,
508 1565 579 1618 qui
604 1565 654 1605 de
680 1579 729 1605 eo
754 1564 977 1605 memoriae
1000 1564 1286 1618 prodiderunt,
1318 1563 1419 1604 nihil
1446 1563 1518 1605 illo
1543 1563 1673 1604 fuisse

315 1626 582 1667 excellentius
613 1626 680 1667 vel
708 1626 752 1666 in
782 1627 892 1667 vitiis
923 1626 990 1667 vel
1019 1626 1062 1666 in
1091 1626 1326 1667 virtutibus.
1368 1632 1489 1666 natus
1520 1625 1563 1666 in
1588 1640 1674 1665 am-

313 1688 501 1742 plissima
542 1688 707 1728 civitate
749 1703 912 1729 summo
953 1702 1124 1743 genere,
1162 1688 1348 1728 omnium
1383 1687 1530 1728 aetatis
1573 1701 1673 1728 suae

314 1748 443 1790 multo
468 1749 808 1798 formosissimus,
835 1749 889 1790 ad
913 1764 1056 1790 omnes
1081 1764 1147 1790 res
1173 1755 1294 1804 aptus
1321 1749 1563 1802 consiliique
1586 1747 1675 1803 ple-

314 1827 406 1852 nus.
449 1826 628 1865 namque
663 1812 887 1866 imperator
916 1812 996 1852 suit
1031 1827 1217 1853 summus
1255 1818 1295 1853 et
1330 1811 1434 1852 mari
1471 1818 1511 1852 et
1547 1817 1672 1860 tcrra3

315 1873 512 1923 disertus,
549 1880 595 1914 ut
624 1873 667 1914 in
702 1873 845 1928 primis
877 1873 1051 1914 dicendo
1081 1873 1255 1922 valeret,
1294 1873 1407 1926 quod
1437 1878 1552 1913 tanta
1587 1878 1673 1913 erat

315 1935 618 1976 commendatio
655 1935 737 1977 oris
774 1942 897 1989 atque
933 1935 1150 1984 orationis,
1188 1940 1234 1975 ut
1267 1949 1389 1975 nemo
1427 1934 1464 1975 ei
1499 1934 1672 1974 dicendo

315 2003 456 2050 posset
478 1996 691 2046 resistere3
723 1997 860 2047 dives3
892 2011 987 2038 cum
1013 2003 1175 2051 tempus
1200 2002 1402 2050 posceret,
1428 1995 1672 2044 laboriosus,

314 2058 495 2112 patiens3
533 2058 732 2108 liberalis,
771 2059 1011 2114 splendidus
1053 2060 1137 2099 n‘bn
1179 2058 1315 2099 minus
1351 2057 1395 2097 in
1429 2057 1514 2098 vita
1549 2071 1673 2110 quain

316 2120 446 2170 victu3
484 2121 681 2170 affabilis,
720 2121 917 2171 blandus,
955 2120 1208 2175 temporibus
1246 2119 1509 2160 callidissime
1544 2119 1675 2159 inscr-

317 2182 445 2223 vicns.
483 2182 606 2231 idem,
634 2182 758 2223 simul
783 2197 830 2224 ac
857 2197 900 2224 se
924 2183 1138 2223 remiserat
1161 2196 1294 2234 neque
1320 2195 1469 2222 caussa
1494 2180 1673 2228 suberat,

317 2258 443 2296 quare
480 2244 606 2285 animi
646 2244 830 2285 laborem
871 2244 1090 2299 perferret,
1134 2243 1390 2292 luxuriosus,
1433 2241 1673 2290 dissolutus,

316 2306 581 2356 libidinosus,
613 2307 893 2361 intemperans
917 2306 1215 2362 reperiebatur,
1247 2312 1293 2346 ut
1323 2319 1467 2346 omnes
1500 2304 1676 2345 admira-

317 2376 468 2418 rentur,
494 2368 537 2409 in
568 2384 648 2410 uno
679 2369 844 2410 homine
870 2376 1026 2410 tantam
1052 2383 1143 2410 esse
1169 2367 1548 2409 dissimilitudinem
1572 2371 1676 2406 tam-

317 2446 397 2484 quc
423 2432 630 2472 diversam
656 2438 858 2472 naturam.

385 2493 442 2534 II.
481 2493 697 2534 Educatus
724 2500 787 2534 cst
810 2493 854 2533 in
879 2493 1003 2534 domo
1027 2491 1179 2533 Pericli
1199 2490 1433 2546 (privignus
1454 2489 1563 2531 enim
1588 2488 1675 2529 eius

317 2555 446 2596 fuisse
478 2555 657 2609 dicitur),
690 2555 874 2596 eruditus
907 2570 931 2595 a
957 2553 1141 2596 Socrate.
1183 2568 1371 2594 socerum
1402 2551 1546 2592 habuit
1569 2549 1677 2602 Hip-

318 2617 531 2669 ponicum,
564 2617 749 2658 omnium
775 2615 938 2658 Graeca
962 2616 1105 2671 lingua
1129 2614 1386 2668 loquentium
1412 2611 1674 2657 ditissimum,

320 2686 375 2726 ut,
409 2678 442 2718 si
474 2679 562 2732 ipsc
587 2679 743 2733 fingcre
767 2679 903 2727 vcllct,
930 2692 1064 2731 ncquc
1095 2677 1214 2731 plura
1239 2676 1347 2717 bona
1376 2671 1583 2715 reminisci
1606 2685 1678 2712 nc-
