1741 3184
630 235 879 271 EUMENES.
1379 228 1430 269 67

83 324 177 349 nam
203 316 243 349 et
261 309 460 364 dignitate
479 308 557 348 fuit
582 308 754 349 honesta
774 316 813 349 et
833 310 988 351 viribus
1015 311 1066 351 ad
1092 310 1274 352 laborem
1299 311 1433 352 feren-

81 370 179 410 dum
194 370 334 419 firmis,
360 383 493 423 neque
507 375 591 409 tam
610 384 760 423 magno
775 384 943 423 corpore
957 385 1080 423 quam
1100 372 1233 426 figura
1246 380 1430 413 venusta.

148 431 255 472 XII.
292 431 360 471 De
384 430 464 470 hoe
475 429 713 484 Antigonus
740 444 833 470 cum
860 431 971 471 solus
993 433 1240 474 constituere
1259 448 1342 474 non
1362 449 1433 474 au-

81 492 206 541 deret,
221 492 274 532 ad
287 490 502 532 consilium
522 490 672 530 retulit.
704 490 770 531 hic
791 505 885 531 cum
899 506 1042 533 omnes
1062 493 1193 546 primo
1207 494 1433 547 perturbati

80 552 389 601 admirarentur,
414 566 497 592 non
522 551 605 591 iam
629 551 680 591 de
700 566 747 592 eo
774 559 983 606 sumptum
1009 567 1100 593 esse
1126 554 1384 607 supplicium,
1410 571 1435 595 a

80 628 162 667 quo
180 620 240 654 tot
252 628 381 654 annos
401 613 504 654 adeo
524 620 662 654 essent
681 613 786 654 male
800 614 941 663 habiti,
969 621 1013 655 ut
1033 629 1155 669 saepe
1170 616 1223 656 ad
1241 616 1434 670 despera-

1462 448 1473 475 l

80 675 232 715 tionem
250 674 385 715 forent
404 675 583 724 adducti,
610 675 763 728 quique
782 676 984 717 maximos
1000 676 1125 717 duces
1145 677 1430 728 interfecisset,
1460 690 1478 719 2

81 736 257 789 denique
281 736 325 776 in
349 750 430 790 quo
455 751 537 777 uno
563 744 673 778 esset
707 744 885 787 tantum,
916 744 979 787 ut,
1012 739 1149 791 quoad
1172 739 1240 780 ille
1264 739 1433 788 viveret,

81 798 160 851 ipsi
192 798 325 838 securi
350 812 442 839 esse
466 813 549 839 non
578 806 767 852 possent,
797 799 1013 840 interfecto
1038 800 1136 840 nihil
1162 800 1341 841 habituri
1365 815 1436 841 ne-

81 859 182 913 gotii
203 867 352 909 essent,
378 866 598 914 postremo,
627 861 661 900 si
679 860 737 900 illi
756 861 943 901 redderet
962 861 1149 910 salutem,
1170 861 1433 915 quaerebant,

82 920 231 972 quibus
258 921 400 961 amicis
427 927 537 962 esset
561 936 730 962 usurus:
758 936 849 962 sese
874 922 982 962 enim
1002 937 1095 963 cum
1116 923 1305 963 Eumene
1325 923 1436 977 apud

83 996 176 1022 eum
200 996 283 1022 non
306 982 480 1022 futuros.
518 982 584 1022 hic
603 983 768 1037 cognita
792 984 951 1024 consilii
971 984 1179 1024 voluntate
1204 990 1341 1024 tamen
1357 998 1436 1024 us-

82 1058 162 1096 que
192 1044 245 1084 ad
275 1044 495 1097 septimum
528 1045 636 1084 diem
662 1044 913 1085 deliberandi
940 1045 1019 1086 sibi
1050 1045 1229 1098 spatium
1258 1045 1434 1098 reliquit.

82 1113 168 1144 tum
187 1112 337 1153 autem,
358 1119 451 1144 eum
464 1105 545 1144 iam
565 1113 784 1153 vereretur,
804 1120 856 1146 ne
876 1120 958 1158 qua
971 1106 1117 1146 seditio
1132 1106 1337 1146 exereitus
1357 1106 1437 1146 ori-

81 1171 210 1214 retur,
242 1165 371 1205 vetuit
401 1179 651 1218 quemquam
683 1167 735 1206 ad
761 1181 855 1206 eum
881 1167 1053 1216 admitti,
1085 1172 1126 1207 et
1150 1166 1435 1219 quotidianum

80 1226 234 1266 vietum
261 1226 461 1266 removeri
485 1227 618 1267 iussit.
656 1243 752 1267 nam
777 1227 957 1282 negabat
976 1242 1019 1269 se
1039 1228 1076 1268 ei
1094 1228 1179 1268 vim
1203 1227 1433 1277 allaturum,

82 1288 151 1340 qui
170 1287 389 1340 aliquando
409 1288 555 1328 fuisset
574 1288 745 1329 amicus.
783 1289 849 1329 hic
864 1295 1001 1329 tamen
1019 1304 1102 1330 non
1121 1289 1297 1343 amplius
1311 1303 1434 1342 quam

82 1349 261 1388 triduum
286 1349 396 1389 fame
420 1349 632 1403 fatigatus,
659 1365 753 1390 eum
780 1357 913 1391 eastra
937 1356 1209 1399 moverentur,
1237 1351 1435 1391 insciente

81 1410 296 1463 Antigono
321 1410 530 1464 iugulatus
556 1418 619 1451 est
644 1427 668 1451 a
692 1411 947 1452 custodibus.

147 1471 277 1511 XLII.
323 1470 393 1512 Sic
411 1471 621 1513 Eumenes
648 1488 848 1513 annorum
873 1474 1054 1526 quinque
1080 1479 1119 1513 et
1145 1473 1430 1527 quadraginta,

83 1546 178 1572 eum
202 1531 254 1572 ab
280 1546 387 1572 anno
412 1532 620 1582 vicesimo,
648 1534 707 1574 uti
732 1548 857 1587 supra
882 1534 1149 1582 ostendimus,
1178 1542 1336 1587 septem
1361 1549 1433 1574 an-

81 1606 155 1633 nos
170 1591 363 1646 Philippo
388 1594 659 1647 apparuisset,
686 1595 881 1635 tredecim
907 1595 1017 1648 apud
1030 1594 1316 1634 Alexandrum
1336 1609 1435 1634 eun-

81 1654 176 1694 dem
206 1654 343 1694 locum
368 1654 630 1704 obtinuisset,
662 1656 704 1696 in
736 1656 799 1696 his
826 1671 954 1696 unum
985 1656 1169 1708 equitum
1199 1656 1287 1695 alae
1319 1669 1436 1708 prae-

82 1714 249 1762 fuisset,
281 1722 378 1768 post
408 1726 546 1756 autem
570 1716 799 1756 Alexandri
824 1716 972 1771 Magni
1004 1724 1178 1756 mortem
1213 1717 1435 1769 imperator

82 1775 283 1815 exereitus
304 1776 490 1816 duxisset
510 1792 776 1830 summosque
797 1778 922 1818 duces
943 1777 1090 1830 partim
1108 1777 1326 1830 repulisset
1343 1791 1436 1829 par-

82 1836 154 1875 tim
178 1836 464 1886 interfecisset,
492 1845 636 1892 eaptus
663 1853 746 1879 non
764 1838 967 1892 Antigoni
997 1838 1166 1886 virtute,
1200 1837 1273 1877 sed
1292 1836 1436 1877 Maee-

81 1896 234 1936 donum
253 1897 444 1951 periurio,
471 1898 594 1938 talem
620 1898 763 1939 habuit
782 1899 936 1939 exitum
957 1898 1077 1938 vitae.
1114 1898 1157 1937 in
1181 1912 1262 1950 quo
1282 1904 1435 1950 quanta

81 1958 264 1998 omnium
278 1958 401 1999 fuerit
414 1959 551 2013 opinio
566 1974 718 2009 eorum,
740 1960 809 2012 qui
823 1968 917 2013 post
930 1959 1215 1999 Alexandrum
1230 1958 1434 2012 Magnum

80 2033 200 2073 reges
227 2026 320 2059 sunt
341 2020 546 2074 appellati,
573 2035 624 2061 ex
643 2021 721 2062 hoe
741 2021 935 2061 facillime
960 2028 1095 2074 potest
1119 2019 1301 2067 iudicari,
1324 2019 1435 2071 quod

81 2094 202 2120 nemo
214 2079 404 2121 Eumene
417 2082 512 2122 vivo
525 2096 598 2122 rex
612 2082 841 2136 appellatus
856 2087 929 2129 est,
946 2081 1019 2121 sed
1031 2080 1263 2134 praefectus
1273 2096 1283 2128 3
1309 2080 1433 2119 iidem

81 2149 175 2195 post
188 2141 309 2183 huius
324 2157 516 2184 occasum
531 2144 668 2184 statim
688 2144 848 2198 regium
863 2149 1050 2183 ornatum
1070 2155 1302 2193 nomenque
1323 2155 1435 2181 sum-

80 2211 262 2255 pserunt,
289 2218 436 2257 neque,
462 2205 573 2258 quod
597 2205 712 2245 initio
737 2204 1039 2258 praedicarant,
1067 2217 1110 2242 se
1137 2202 1364 2241 Alexandri
1389 2201 1435 2241 li-

83 2262 190 2304 beris
214 2279 388 2318 regnum
415 2280 590 2313 servare,
617 2272 825 2318 praestare
850 2264 1084 2312 voluerunt,
1113 2270 1152 2303 et
1177 2277 1259 2302 uno
1283 2276 1434 2316 propu—

82 2330 251 2377 gnatore
271 2324 446 2374 sublato,
472 2326 572 2378 quid
591 2325 798 2373 sentirent,
826 2330 1086 2379 aperuerunt.
1123 2323 1245 2363 huius
1267 2323 1431 2363 sceleris

82 2383 286 2438 principes
312 2385 478 2426 fuerunt
495 2385 748 2440 Antigonus,
769 2385 1048 2433 Ptolemaeus,
1072 2383 1286 2432 Seleucus,
1306 2383 1433 2437 Lysi-

1461 1911 1478 1938 Ιῦ

82 2444 272 2494 machus,
301 2445 575 2486 Cassandrus.
619 2445 858 2499 Antigonus
891 2453 1028 2486 autem
1062 2445 1293 2485 Eumenem
1326 2459 1432 2484 mor-
1457 2456 1477 2484 4

82 2515 198 2546 tuum
234 2507 475 2560 propinquis
512 2507 600 2548 eius
638 2507 922 2560 sepeliendum
953 2507 1132 2546 tradidit.
1189 2506 1231 2545 hi
1268 2505 1432 2545 militari

82 2567 338 2621 honestoque
369 2568 525 2617 funere,
557 2569 776 2609 eomitante
812 2575 897 2609 toto
933 2568 1126 2616 exercitu,
1159 2567 1432 2607 humaverunt

81 2642 257 2681 ossaque
289 2629 376 2670 eius
407 2630 448 2669 in
475 2629 783 2683 Cappadociam
814 2629 866 2670 ad
897 2635 1069 2669 matrem
1102 2634 1224 2680 atquc
1261 2642 1431 2668 uxorem

81 2688 313 2742 liberosque
339 2691 427 2731 eius
452 2691 706 2745 deportanda
730 2697 934 2732 curarunt.

1107 2755 1149 2786 58
