1741 3184
624 229 915 265 PACSANIAS.
1219 227 1224 234 “
1393 219 1444 259 15

99 318 283 363 possent3
320 306 475 347 aditum
510 303 743 358 petentibus
776 303 1049 343 conveniundi
1085 318 1167 343 non
1197 302 1339 351 dabatg
1377 317 1444 342 su-
1470 316 1487 344 3

99 370 222 424 perbe
246 365 535 421 respondebat,
573 364 790 405 crudeliter
814 364 1051 418 imperabat.
1097 363 1290 418 Spartam
1314 364 1445 405 redire

99 430 271 471 nolebat.
311 427 503 474 Colonas,
529 426 599 479 qui
623 425 738 466 locus
763 425 805 464 in
829 440 928 478 agro
948 425 1110 465 Troade
1135 433 1218 474 est,
1267 440 1310 466 se
1348 440 1445 466 con-

99 491 261 538 tulerat3
286 488 344 529 ibi
368 488 538 529 consilia
562 501 656 527 cum
681 486 836 540 patriae
856 494 942 525 tum
961 486 1038 526 sibi
1064 486 1226 526 inimica
1246 486 1445 540 capiebat.

97 554 139 594 id
162 558 381 606 postquam
405 549 727 591 Lacedaemonii
752 548 996 596 rescierunt,
1028 547 1187 602 legatos
1213 562 1306 588 cum
1332 548 1448 588 clava

97 613 150 654 ad
173 627 268 654 eum
291 612 501 660 miserunt,
526 611 569 652 in
594 625 675 664 qua
699 624 811 650 more
836 609 998 650 illorum
1019 615 1104 649 erat
1129 608 1344 662 seriptum:
1369 609 1448 649 nisi

97 675 264 715 domum
288 679 570 721 reverteretur,
598 687 642 713 se
662 671 807 726 capitis
833 685 927 711 eum
947 671 1224 710 damnaturos.
1250 670 1327 710 1100
1345 685 1449 710 nun-

97 736 152 776 tio
177 741 426 784 commotus,
458 749 630 789 sperans
662 748 705 775 se
736 733 859 774 etiam
889 738 974 773 tum
1000 731 1175 786 pecunia
1199 738 1239 771 et
1269 732 1451 786 potentia

98 797 256 837 instans
282 795 508 850 periculum
538 810 661 850 posse
687 794 908 849 depellere,
941 794 1109 834 domum
1133 793 1263 833 rediit.
1300 793 1381 833 hue
1406 801 1450 833 ut

97 858 225 907 venit,
264 857 316 898 ab
354 857 517 912 ephoris
547 857 591 897 in
626 856 760 897 vincla
789 855 955 909 publica
990 861 1052 895 est
1087 854 1313 895 coniectus:
1356 854 1451 894 licet

98 919 206 960 enim
236 918 398 973 legibus
429 933 570 959 eorum
596 918 726 959 cuivis
758 917 910 971 ephoro
940 915 1018 957 hoc
1048 915 1182 956 facere
1207 916 1307 970 regi.
1355 915 1451 956 hinc

98 987 235 1021 tamen
265 995 309 1020 se
340 979 565 1034 expedivit3
601 993 735 1032 neque
766 993 814 1018 eo
845 977 978 1031 magis
1009 976 1174 1017 carebat
1205 976 1449 1030 suspicione.

97 1057 194 1082 nam
223 1041 362 1095 opinio
392 1040 603 1089 manebat,
641 1055 736 1080 eum
766 1054 860 1080 cum
895 1052 992 1093 rege
1024 1037 1174 1078 habere
1200 1038 1449 1078 societatem.

98 1109 160 1144 est
183 1117 314 1157 genus
340 1102 548 1155 quoddam
568 1101 793 1149 hominum,
820 1100 930 1153 quod
949 1099 1125 1140 εἱλιῦται
1144 1105 1325 1148 vocatur,
1351 1113 1452 1152 quo-

98 1179 189 1204 rum
220 1179 372 1218 magna
401 1163 620 1204 multitudo
651 1177 772 1217 agros
797 1160 1224 1202 Lacedaemoniorum
1250 1160 1345 1201 colit
1370 1175 1453 1201 ser-

96 1239 324 1278 vorumque
360 1239 528 1265 munere
564 1224 763 1279 fungitur.
811 1223 888 1264 hos
925 1237 1089 1276 quoque
1126 1222 1342 1263 sollicitare
1380 1237 1452 1276 spe

96 1286 293 1328 libertatis
330 1286 652 1328 existimabatur.
701 1285 775 1327 sed
804 1284 916 1338 quod
946 1284 1091 1324 harum
1121 1299 1258 1324 rerum
1294 1283 1451 1323 nullum

97 1356 183 1389 erat
207 1354 394 1402 apertum
418 1349 583 1397 crimen,
610 1362 691 1400 quo
717 1347 835 1401 argui
859 1352 1017 1400 posset,
1050 1360 1132 1386 non
1157 1344 1369 1399 putabant,
1402 1345 1452 1384 (le

98 1410 167 1450 tali
198 1416 363 1462 tamque
395 1410 504 1450 claro
542 1409 627 1450 viro
659 1407 963 1462 suspicionibus
994 1414 1180 1461 oportere
1210 1406 1381 1447 iudicari
1413 1412 1452 1446 et

98 1471 433 1524 exspectandum,
460 1471 557 1511 dum
584 1485 627 1511 se
652 1471 743 1524 ipsa
766 1484 831 1510 res
857 1469 1044 1523 aperiret.

165 1532 240 1573 IV.
277 1532 447 1572 Interim
460 1531 647 1587 Argilius
662 1531 830 1585 quidam
844 1529 1187 1578 adolescentulus,
1214 1543 1451 1583 (100011100-

98 1609 188 1635 rum
213 1594 443 1634 Pausanias
482 1608 620 1634 amore
651 1607 825 1633 venereo
856 1592 1071 1640 dilexerat,
1110 1605 1203 1631 cum
1235 1590 1449 1645 epistolam

97 1655 148 1696 ab
175 1670 222 1696 eo
247 1655 299 1695 ad
323 1655 581 1696 Artabazum
606 1654 845 1708 accepisset,
872 1654 990 1707 eique
1015 1653 1057 1693 in
1082 1652 1357 1706 suspicionem
1382 1667 1452 1692 ve-

97 1717 236 1765 nisset,
263 1716 416 1769 aliquid
435 1717 477 1756 in
495 1731 543 1757 ea
562 1716 613 1756 (10
633 1731 676 1757 se
697 1730 787 1756 esse
809 1715 1019 1769 scriptum,
1046 1714 1157 1766 quod
1176 1728 1296 1753 nemo
1310 1728 1451 1753 eorum

97 1778 285 1826 redisset,
317 1778 388 1830 qui
419 1792 542 1832 super
572 1777 643 1818 tali
673 1791 824 1818 caussa
849 1777 993 1817 eodem
1018 1775 1134 1815 missi
1159 1780 1285 1823 erant,
1318 1774 1453 1814 vincla

97 1839 292 1893 epistolae
311 1839 465 1879 laxavit
490 1839 691 1893 signoque
711 1838 893 1879 detracto
913 1837 1118 1892 cognovit,
1146 1837 1181 1876 si
1205 1836 1451 1890 pertulisset,

97 1900 175 1941 sibi
199 1915 290 1941 esse
315 1901 582 1954 pereundum.
620 1906 734 1941 erant
758 1900 800 1940 in
820 1900 963 1940 eadem
983 1898 1168 1953 epistola,
1195 1912 1300 1950 quae
1326 1898 1378 1937 ad
1404 1912 1449 1937 ea
1478 1918 1493 1941 2

96 1961 364 2015 pertinebant,
392 1976 497 2014 quae
522 1962 626 2001 inter
650 1976 789 2016 regem
809 1960 1143 2012 Pausaniamque
1163 1965 1450 1999 convenerant.

1473 563 1489 589 -ι

1475 683 1492 710 ἶ)

1479 1111 1496 1139 6

96 2023 169 2064 has
195 2023 262 2063 ille
287 2023 440 2064 litteras
467 2023 629 2077 ephoris
650 2023 827 2063 tradidit.
866 2037 948 2063 non
967 2027 1029 2062 est
1047 2020 1343 2074 praetereunda
1360 2034 1453 2073 gra-
1479 2036 1496 2064 3

96 2085 200 2126 vitas
226 2085 652 2125 Lacedaemoniorum
682 2084 760 2125 hoc
789 2084 893 2125 loco.
936 2098 1032 2123 nam
1057 2097 1107 2122 ne
1139 2081 1260 2121 huius
1286 2082 1451 2134 quidem

95 2146 243 2187 indicio
269 2146 436 2200 impulsi
462 2153 569 2195 sunt,
599 2153 642 2186 ut
666 2146 918 2187 Pausaniam
943 2143 1348 2198 comprehenderent,
1382 2156 1452 2182 ne-

96 2222 175 2260 que
201 2208 312 2261 prius
332 2208 415 2248 vim
435 2207 711 2248 adhibendam
736 2213 995 2262 putaverunt,
1022 2220 1146 2258 quam
1173 2219 1216 2245 se
1241 2203 1329 2258 ipse
1349 2204 1452 2243 indi-

97 2276 242 2309 casset.
279 2269 416 2322 itaque
442 2269 537 2310 huic
561 2270 697 2319 indici,
725 2270 824 2322 quid
848 2269 935 2310 ficri
953 2268 1115 2316 vellent,
1142 2273 1449 2321 praeceperunt.

97 2329 238 2369 sanum
274 2330 455 2383 Neptuni
491 2337 554 2371 est
590 2331 785 2380 Taenali,
829 2331 940 2384 quod
975 2329 1118 2370 violari
1152 2328 1269 2369 nef-rs
1306 2334 1479 2382 putant⁴

99 2388 260 2431 Graeci.
310 2404 358 2431 eo
388 2390 455 2430 ille
485 2391 609 2431 index
639 2391 865 2446 confugit
855 2407 898 2431 10
928 2405 1078 2444 araque
1105 2389 1300 2431 consedit.
1344 2389 1450 2429 hanc

97 2452 211 2492 iuxta
234 2451 370 2492 locum
400 2452 586 2492 fecerunt
611 2451 687 2492 snb
719 2458 800 2492 terr
802 2468 842 2499 a,
881 2467 931 2492 ex
956 2467 1038 2504 quo
1062 2458 1203 2505 posset
1227 2450 1376 2498 audiri,
1416 2450 1450 2489 si

97 2513 188 2565 quis
214 2513 313 2565 quid
337 2513 571 2566 loqueretur
596 2527 689 2553 cum
714 2512 1008 2567 A1cr1hohue
1028 2527 1078 2552 ex
1098 2511 1259 2565 ephoris
1280 2511 1446 2563 quidam
1474 2541 1485 2551 ι

96 2576 408 2616 descenderunt.
445 2575 688 2623 Pausanias,
714 2582 760 2614 ut
784 2575 952 2623 audivit,
977 2573 1185 2627 Argilium
1211 2572 1448 2627 confugisse

97 2637 138 2677 in
162 2652 294 2686 aram,
332 2637 592 2691 perturbatus
618 2636 730 2677 venit
755 2651 815 2677 00.
863 2650 985 2689 quem
1011 2650 1104 2675 culn
1130 2634 1356 2688 supplicem
1382 2634 1447 2674 dei

97 2697 252 2739 videret
281 2699 322 2739 in
353 2714 423 2739 ara
453 2699 682 2747 sedentem,
721 2697 897 2751 quaerit,
935 2711 1107 2738 caussae
1142 2695 1241 2748 quid
1277 2695 1329 2736 sit
1364 2702 1447 2736 tam
