1741 3184
649 168 967 204 ALCIBIADES.
1427 162 1481 202 23

130 254 216 289 erat
241 247 349 288 enim
374 246 530 294 eodem,
557 258 639 297 quo
665 243 919 294 Alcibiades,
947 258 1083 294 sensu,
1109 244 1251 298 populi
1273 244 1480 299 potentiae

130 325 210 350 non
234 309 389 350 amicus
421 314 461 347 et
484 305 741 360 optimatium
767 304 915 345 fautor.
959 305 1010 346 ab
1036 305 1115 346 hoc
1146 306 1367 347 destitutus
1398 306 1480 360 pri-

128 386 241 410 mum
264 384 337 423 per
351 366 673 421 Thrasybulum,
698 365 808 419 Lyci
832 365 975 414 filium,
1002 366 1053 407 ab
1080 368 1260 407 exercitu
1284 368 1480 422 recipitur

127 438 367 486 praetorque
392 430 437 469 fit
461 428 571 482 apud
599 426 791 476 Samum3
821 433 917 480 post
942 427 1195 482 suffragante
1221 429 1479 471 Theramene

125 491 266 546 populi
292 491 393 531 scito
418 489 643 530 restituitur
671 488 842 542 parique
867 487 1018 528 absens
1044 489 1215 542 imperio
1246 491 1480 543 praeficitur

126 552 248 593 simul
277 566 371 592 cum
397 550 660 605 Thrasybulo
692 556 732 590 et
757 549 1027 590 Theramene.
1071 549 1217 590 horum
1241 551 1284 590 in
1307 551 1478 605 imperio

125 619 237 654 tanta
266 613 530 654 commutatio
560 627 698 652 rerum
728 611 839 651 facta
864 617 945 660 est,
977 617 1023 651 ut
1046 611 1381 662 Lacedaemonii,
1408 614 1479 666 qui

122 674 247 728 paulo
277 682 371 715 ante
402 674 578 714 victores
609 673 843 728 viguerant,
874 672 1077 726 perterriti
1106 687 1251 726 pacem
1279 681 1477 728 peterent.

124 736 221 776 victi
246 736 353 776 enim
379 742 494 776 erant
513 735 694 787 quinque
712 734 877 788 proeliis
899 733 1172 784 terrestribus,
1199 734 1328 776 tribus
1352 751 1478 776 nava-

124 796 246 846 libus,
272 797 315 837 in
338 797 488 849 quibus
514 797 713 836 ducentas
739 810 866 836 naves
898 796 1083 836 triremes
1109 796 1342 846 amiserant,
1369 811 1475 850 quae

124 865 267 912 captae
292 858 334 898 in
358 858 539 899 hostium
562 864 759 898 venerant
788 863 1048 911 potestatem.
1085 857 1326 899 Alcibiades
1353 859 1474 899 simul

124 935 218 959 eum
254 919 423 974 collegis
464 924 675 973 receperat
709 918 894 967 Ioniam,
932 918 1280 973 Hellespontum,
1324 920 1474 961 multas

122 987 332 1033 praeterea
368 980 490 1021 urbes
523 979 724 1029 Graecas,
762 994 868 1032 quae
903 980 944 1019 in
979 994 1050 1019 ora
1080 980 1182 1020 sitae
1213 987 1309 1020 sunt
1331 980 1475 1030 Asiae,

122 1056 296 1093 quarum
315 1048 600 1096 expugnarant
624 1040 869 1094 complures,
896 1040 937 1080 in
962 1040 1026 1080 his
1045 1040 1315 1094 Byzantium3
1342 1057 1473 1094 neque

121 1102 254 1143 minus
278 1102 429 1143 multas
455 1102 624 1143 consilio
649 1102 702 1142 ad
725 1101 951 1142 amicitiam
975 1102 1267 1152 adiunxerant,
1295 1104 1407 1156 quod
1433 1105 1473 1144 in

121 1169 262 1218 captos
293 1163 509 1205 clementia
539 1164 701 1204 fuerant
732 1163 809 1204 usi.
853 1163 910 1204 ita
933 1163 1089 1218 praeda
1113 1164 1262 1214 onusti,
1293 1164 1475 1220 loeuple-

120 1231 203 1266 tato
229 1226 420 1276 exercitu,
447 1226 637 1267 maximis
662 1225 785 1266 rebus
810 1226 939 1280 gestis
965 1225 1154 1267 Athenas
1180 1235 1392 1268 venerunt.

186 1286 263 1328 VI.
300 1287 381 1330 His
414 1302 508 1328 cum
533 1287 698 1329 obviam
723 1287 916 1328 universa
947 1287 1091 1328 civitas
1116 1287 1159 1328 in
1183 1287 1377 1329 Piraeum
1403 1290 1473 1330 dc-

119 1349 359 1399 scendisset,
387 1355 499 1390 tanta
524 1349 602 1390 fuit
626 1348 811 1390 omnium
836 1348 1088 1403 exspectatio
1113 1349 1273 1390 visendi
1287 1349 1472 1392 Alcibia-

118 1410 194 1459 dis,
221 1420 265 1450 ut
290 1411 342 1450 ad
372 1411 459 1451 eius
491 1411 697 1452 triremem
721 1410 872 1466 vulgus
898 1410 1139 1461 conflueret,
1166 1411 1337 1466 proinde
1362 1427 1410 1453 ac
1436 1414 1471 1453 si

118 1472 230 1513 solus
256 1472 502 1514 advenisset.
540 1473 599 1514 sie
623 1472 731 1514 enim
755 1472 909 1527 populo
935 1479 1020 1513 erat
1043 1488 1308 1527 persuasum,
1334 1480 1374 1515 et
1399 1475 1470 1515 ad-

118 1548 258 1574 versas
285 1534 515 1588 superiores
536 1540 575 1575 et
593 1541 831 1589 praesentes
853 1535 1055 1575 secundas
1075 1550 1140 1576 res
1160 1535 1360 1577 accidisse
1380 1537 1468 1577 eius

116 1610 252 1649 opera.
299 1596 437 1649 itaque
469 1602 508 1637 et
541 1595 707 1638 Siciliae
739 1596 940 1637 amissum
976 1602 1016 1637 et
1040 1597 1469 1639 Lacedaemoniorum

119 1657 305 1698 victorias
330 1658 475 1712 culpae
500 1673 599 1699 suae
624 1657 871 1708 tribuebant,
897 1658 1008 1711 quod
1034 1658 1156 1699 talem
1176 1659 1309 1699 virum
1330 1674 1351 1700 e
1371 1660 1470 1700 civi-

117 1724 196 1758 tate
222 1718 487 1772 expulissent.
530 1734 664 1772 neque
693 1719 736 1759 id
762 1719 849 1760 sine
881 1734 1030 1760 caussa
1054 1719 1242 1760 arbitrari
1272 1720 1468 1761 videban-

114 1787 190 1819 tur.
239 1795 333 1819 nam
368 1786 588 1834 postquam
625 1780 822 1821 exercitui
856 1792 1050 1835 praeesse
1087 1787 1296 1836 coeperat,
1333 1797 1467 1835 neque

113 1849 218 1882 terra
248 1856 381 1895 neque
417 1843 519 1883 mari
549 1843 690 1883 hostes
720 1857 841 1897 pares
873 1858 966 1884 esse
1001 1850 1232 1898 potuerant.
1275 1845 1342 1885 hic
1374 1852 1464 1886 ute
1492 1878 1497 1886 .

110 1902 205 1943 navi
230 1918 422 1958 egressus
449 1911 523 1954 est,
549 1919 801 1958 quamquam
815 1905 1096 1947 Theramenes
1123 1913 1163 1946 et
1176 1906 1464 1961 Thrasybulus

110 1964 265 2005 eisdem
289 1964 412 2006 rebus
438 1966 700 2020 praefuerant
731 1966 934 2020 simulque
965 1973 1161 2008 venerant
1190 1968 1232 2008 in
1256 1968 1463 2018 Piraeum,

110 2032 246 2066 tamen
259 2041 386 2067 unum
400 2042 542 2068 omnes
563 2028 677 2068 illum
691 2028 1056 2082 persequebantur,
1083 2036 1135 2079 ct,
1161 2030 1203 2070 id
1217 2031 1327 2083 quod
1346 2046 1464 2070 num-

108 2102 232 2139 quam
257 2095 377 2128 antea
402 2104 481 2130 usu
499 2096 667 2130 venerat
691 2089 771 2130 nisi
787 2088 1010 2145 Olympiae
1035 2091 1273 2141 victoribus,
1301 2092 1462 2133 coronis

108 2149 241 2189 aureis
268 2150 495 2203 taeniisque
526 2151 651 2206 vulgo
688 2151 930 2192 donabatur.
980 2152 1047 2193 ille
1083 2153 1302 2194 lacrimans
1339 2154 1460 2194 talem

107 2209 434 2252 benevolentiam
465 2212 616 2253 civium
656 2228 825 2254 suorum
855 2214 1100 2268 aceipiebat3
1139 2215 1345 2256 reminisci
1381 2216 1461 2269 pri-

73 2273 84 2276 ’
108 2270 202 2309 stini
228 2273 422 2326 temporis
448 2273 724 2315 acerbitatem.
761 2281 981 2329 postquam
1003 2274 1083 2331 [in]
1104 2283 1197 2316 astu
1216 2277 1338 2326 venit,
1365 2292 1461 2317 con-
1487 2307 1491 2310 Α

108 2329 215 2371 tione
240 2332 440 2373 advocata
470 2334 528 2374 sic
553 2335 679 2375 verba
703 2335 818 2385 fecit,
851 2343 896 2377 ut
919 2352 1040 2378 nemo
1072 2344 1156 2378 tam
1181 2338 1292 2378 ferus
1324 2338 1459 2385 fuerit,

106 2392 205 2444 quin
230 2393 317 2434 eius
343 2408 485 2434 casum
508 2395 730 2436 lacrimarit
754 2397 1049 2452 inimicumque
1074 2399 1125 2439 iis
1152 2414 1196 2440 se
1222 2399 1458 2447 ostenderit,

105 2468 278 2505 quorum
315 2470 439 2509 opera
473 2457 605 2510 patria
640 2457 785 2511 pulsus
819 2459 969 2508 fuerat,
1006 2461 1178 2514 proinde
1210 2475 1257 2501 ac
1288 2461 1323 2501 si
1353 2460 1457 2500 alius

104 2517 293 2570 populus,
319 2533 401 2558 non
422 2518 488 2559 ille
513 2519 615 2573 ipse,
637 2520 707 2572 qui
727 2526 826 2560 tum-
840 2520 976 2570 flebat,
1003 2536 1098 2561 eum
1119 2522 1323 2575 sacrilegii
1343 2522 1456 2562 dam-

104 2584 255 2619 nasset.
292 2580 481 2620 restituta
511 2596 609 2635 ergo
639 2580 736 2622 huic
768 2588 863 2622 sunt
892 2582 1056 2636 publice
1088 2582 1213 2632 bona,
1250 2583 1456 2637 iidemque
1483 2600 1493 2625 5·

103 2639 158 2680 illi
171 2639 446 2695 Eumolpidae
470 2643 703 2685 sacerdotes
724 2659 865 2686 riusus
886 2659 1092 2686 resacrare
1108 2651 1202 2685 sunt
1222 2646 1365 2695 coacti,
1386 2646 1455 2699 qui

1502 875 1519 901 (i

1502 1182 1517 1208 'a'

1503 1307 1512 1333 l

1495 1492 1513 1519 N.
