1741 3184
498 201 542 234 T.
564 198 857 236 POMPONIUS
878 198 1103 236 ATTICUS.
1423 192 1477 233 95

124 276 237 317 aedis
267 276 380 317 Iovis
404 275 595 322 Feretrii,
633 274 675 314 in
702 273 906 329 Capitolio
944 275 996 316 ab
1026 275 1206 316 Romulo
1242 275 1475 326 constituta,

122 343 327 378 vetustate
352 343 474 389 atque
497 335 655 376 incuria
679 335 840 375 detecta
863 336 1154 389 prolaberetur,
1181 343 1226 377 ut
1249 335 1381 378 Attici
1405 339 1477 378 ad-

122 399 281 440 monitu
302 398 458 440 Caesar
482 412 574 438 eam
598 396 860 437 reficiendam
886 404 1057 438 curaret.
1095 413 1229 452 neque
1254 414 1351 440 vero
1370 415 1395 441 a
1412 399 1473 441 M.

121 460 305 501 Antonio
330 459 466 500 minus
487 457 637 499 absens
662 457 806 498 litteris
827 457 1056 507 colebatur,
1083 459 1186 500 adeo
1216 467 1262 500 ut
1286 468 1475 503 accurate

121 521 188 562 ille
214 536 264 562 ex
288 520 442 561 ultimis
468 520 604 569 terris,
637 519 737 573 quid
762 525 920 574 ageret,
947 533 1068 560 curae
1095 520 1173 561 sibi
1196 520 1366 563 haberet
1390 537 1477 564 cer-

121 583 266 623 tiorem
291 582 426 623 facere
451 581 653 623 Atticum.
690 581 769 622 hoc
793 581 914 634 quale
940 581 1011 630 sit,
1037 581 1199 623 facilius
1225 583 1476 625 existimabit

120 645 168 694 is,
194 644 265 698 qui
288 644 470 685 iudicare
494 644 655 699 poterit,
682 649 859 696 quantae
885 643 938 684 sit
963 643 1186 698 sapientiae
1211 659 1353 686 eorum
1382 646 1477 686 reti-

120 721 216 747 nere
229 721 352 749 usum
370 705 794 758 benevolentiamque,
814 705 919 746 inter
931 719 1035 758 quos
1054 706 1328 747 maximarum
1340 721 1476 748 rerum

120 783 203 809 non
228 768 362 809 solum
392 768 631 817 aemulatio,
664 767 737 808 sed
768 766 1010 808 obtrectatio
1039 772 1154 808 tanta
1182 767 1473 819 intercedebat,

120 836 316 883 quantam
341 829 419 870 fuit
442 829 621 871 incidere
645 843 815 870 necesse
839 828 944 870 inter
958 827 1181 871 Caesarem
1207 836 1329 884 atque
1341 829 1476 871 Anto-

119 891 247 941 nium,
274 905 368 932 cum
394 905 438 932 se
462 897 635 944 uterque
659 891 884 946 principem
910 905 993 932 non
1013 890 1146 932 solum
1166 891 1280 933 urbis
1300 892 1471 942 Romae,

123 953 197 993 scd
222 952 332 994 orbis
358 959 558 994 terrarum
584 967 676 995 esse
701 959 880 1008 cuperet.

187 1014 319 1055 XXI.
370 1014 463 1055 Tali
498 1015 622 1056 modo
653 1029 747 1055 eum
784 1021 942 1069 septem
973 1021 1013 1056 et
1049 1015 1313 1070 septuaginta
1343 1031 1472 1057 annos

120 1076 368 1130 complesset
392 1082 514 1129 atque
540 1076 593 1116 ad
618 1082 844 1116 extremam
869 1082 1123 1118 senectutem
1147 1091 1229 1117 non
1254 1077 1390 1118 minus
1415 1078 1476 1117 di-

117 1137 273 1191 gnitate
298 1151 423 1190 quam
447 1137 580 1192 gratia
598 1137 845 1191 fortunaque
865 1137 1063 1178 crevisset
1082 1136 1251 1188 (multas
1271 1139 1380 1179 enim
1404 1138 1476 1179 hc-

116 1198 309 1239 rcditates
334 1198 446 1239 nulla
472 1198 552 1239 alia
575 1213 619 1239 re
643 1213 769 1252 quam
794 1198 976 1240 bonitate
1007 1205 1253 1240 consecutus
1279 1199 1360 1253 est)
1386 1206 1475 1241 tan-

117 1266 240 1313 taque
263 1260 534 1315 prosperitate
559 1275 660 1302 usus
680 1266 790 1302 esset
807 1260 1069 1310 valetudinis,
1094 1266 1140 1301 ut
1163 1261 1282 1302 annis
1307 1262 1474 1317 triginta

116 1321 320 1362 medicina
344 1336 428 1362 non
451 1322 710 1377 indiguisset,
736 1328 882 1363 nactus
902 1329 965 1364 est
983 1321 1185 1372 morbum,
1212 1337 1336 1376 quem
1359 1323 1474 1365 initio

116 1390 156 1424 et
179 1383 268 1438 ipse
288 1390 327 1424 ct
347 1384 495 1425 medici
515 1390 862 1439 contempserunt.
898 1399 994 1425 nam
1014 1390 1208 1439 putarunt
1228 1399 1320 1425 esse
1339 1391 1474 1426 tenes-

117 1460 227 1495 mon,
254 1445 320 1486 cui
344 1446 526 1487 remedia
545 1445 693 1487 celeria
717 1445 937 1500 faciliaque
956 1445 1306 1501 proponebantur.
1332 1447 1374 1487 in
1393 1446 1472 1488 hoc

117 1522 210 1547 cum
242 1513 323 1548 tres
354 1522 518 1549 menses
550 1508 638 1549 sine
669 1508 762 1549 ullis
788 1508 1017 1558 doloribus,
1049 1514 1337 1563 praeterquam
1367 1523 1471 1563 quos

118 1583 169 1609 ex
206 1569 415 1610 curatione
452 1570 658 1625 capiebat,
697 1571 1042 1625 consumpsisset,
1087 1570 1223 1612 subito
1259 1577 1372 1612 tanta
1407 1572 1470 1612 vis

114 1629 248 1671 morbi
278 1630 319 1670 in
349 1646 477 1672 unum
508 1632 747 1673 intestinum
772 1632 975 1687 prorupit,
1008 1639 1053 1673 ut
1078 1639 1260 1674 extremo
1287 1639 1471 1688 tempore

113 1705 187 1745 per
209 1691 373 1734 lumbos
399 1693 560 1734 fistulae
584 1693 699 1748 puris
725 1694 943 1748 eruperint.
981 1700 1103 1747 atque
1127 1694 1206 1735 hoc
1230 1695 1471 1749 priusquam

114 1753 151 1793 ci
171 1754 387 1804 accideret,
412 1761 635 1809 postquam
654 1756 696 1796 in
716 1756 803 1796 dies
818 1755 978 1796 dolores
999 1770 1231 1797 accrescere
1250 1755 1471 1810 febresque

113 1815 340 1857 accessisse
367 1817 508 1866 sensit,
534 1816 769 1872 Agrippam
794 1832 992 1872 generum
1024 1818 1077 1858 ad
1103 1832 1146 1859 se
1172 1818 1327 1858 accersi
1351 1818 1472 1859 iussit

113 1886 151 1918 et
177 1892 272 1918 cum
297 1892 345 1919 eo
370 1879 423 1919 L.
447 1878 687 1920 Cornelium
711 1879 891 1920 Balbum
913 1878 1171 1933 Sextumque
1189 1879 1468 1921 Peducaeum.

112 1939 188 1981 hos
213 1946 259 1980 ut
282 1940 446 1982 venisse
471 1941 585 1991 vidit,
611 1942 654 1981 in
680 1941 863 1983 cubitum
889 1942 1074 1991 innixus,
1103 1941 1382 1994 „Quantam‚“
1408 1943 1469 1982 in-

112 2001 212 2055 quit,
241 2016 408 2053 „curam
429 2003 766 2058 diligentiamque
785 2004 828 2044 in
846 2004 1081 2045 valetudine
1107 2019 1199 2045 inca
1218 2004 1371 2045 tuenda
1389 2003 1470 2045 hoe

112 2072 295 2119 tempore
315 2065 585 2116 adhibuerim,
612 2081 706 2107 cum
725 2081 799 2108 vos
819 2072 945 2108 testes
965 2066 1154 2116 habeam,
1180 2066 1281 2107 nihil
1300 2080 1469 2107 necesse

112 2132 187 2175 est,
208 2126 395 2181 pluribus
432 2128 569 2170 verbis
607 2143 940 2170 commemorare.
990 2128 1140 2182 quibus
1178 2129 1386 2182 quoniam,
1423 2135 1469 2169 ut

111 2203 250 2243 spero,
283 2190 484 2240 satisfeci,
517 2205 582 2232 me
608 2191 709 2232 nihil
733 2191 879 2245 reliqui
904 2191 1073 2240 fecisse,
1107 2191 1218 2245 quod
1243 2191 1295 2231 ad
1321 2206 1469 2232 sanan-

111 2250 211 2290 dum
234 2266 301 2292 me
325 2252 563 2306 pertineret,
594 2253 799 2306 reliquum
825 2259 905 2302 est,
938 2260 982 2294 ut
1007 2260 1171 2308 egomet
1195 2253 1296 2293 mihi
1321 2267 1468 2293 consu-

109 2311 204 2352 lam.
244 2313 287 2353 id
311 2328 385 2354 vos
410 2314 599 2369 ignorare
624 2314 749 2355 nolui.
787 2330 882 2355 nam
914 2315 1014 2357 mihi
1040 2321 1120 2356 stat
1145 2314 1252 2355 alere
1277 2313 1465 2354 morbum

111 2373 310 2414 desinere.
358 2389 536 2429 namque
572 2375 636 2417 his
673 2375 819 2417 diebus
851 2376 1053 2429 quidquid
1086 2376 1166 2417 cibi
1198 2375 1373 2430 sumpsi,
1410 2375 1467 2415 ita

108 2435 286 2490 produxi
310 2436 450 2485 vitam,
476 2443 521 2477 ut
546 2437 730 2478 auxerim
755 2437 917 2478 dolores
944 2438 1031 2478 sine
1057 2452 1130 2492 spe
1157 2437 1313 2478 salutis.
1339 2451 1465 2489 quare

109 2513 133 2543 a
154 2497 271 2539 vobis
291 2504 387 2553 pcto
405 2498 596 2553 primum,
624 2506 669 2540 ut
687 2499 901 2540 consilium
922 2499 1104 2554 probetis
1125 2514 1276 2549 meum,
1303 2499 1463 2547 deinde,

108 2573 159 2599 ne
184 2558 338 2601 frustra
362 2560 615 2602 dehortando
640 2561 838 2615 impedire
864 2561 1108 2602 conemini.“

174 2620 330 2663 XXII.
369 2622 463 2663 Hac
495 2623 677 2664 oratione
702 2623 842 2664 habita
867 2629 980 2664 tanta
1011 2623 1240 2664 constantia
1264 2622 1378 2664 vocis
1404 2628 1464 2663 at-

109 2696 190 2735 que
215 2683 366 2733 vultus,
393 2691 437 2725 ut
462 2699 543 2726 non
568 2700 620 2727 ex
644 2686 739 2735 vita,
768 2685 839 2727 scd
866 2700 916 2726 ex
942 2686 1063 2726 domo
1089 2685 1131 2725 in
1156 2685 1324 2726 domum
1349 2684 1464 2725 vidc-

1503 1031 1516 1059 l

1499 1277 1517 1305 2

1497 1462 1516 1492 3

1495 1710 1515 1739 4
