1741 3184
494 197 537 230 T.
556 195 845 232 POMPONIUS
865 196 1088 233 ATTICUS.
1411 187 1464 229 85

188 273 245 314 ΙΙ.
282 272 406 313 Pater
430 276 587 311 mature
606 270 794 311 decessit.
833 271 921 325 ipse
947 271 1275 312 adolescentulus
1300 277 1465 326 propter
1492 286 1504 313 1

120 335 361 375 affinitatem
385 332 434 372 P.
463 330 653 384 Sulpicii,
686 331 756 383 qui
780 331 966 372 tribunus
991 332 1102 386 plebi
1125 333 1362 374 interfectus
1388 339 1460 382 est,

118 410 201 436 non
226 408 370 449 expers
396 393 474 433 fuit
497 392 605 432 illius
631 391 812 445 periculi.
849 407 1025 445 namque
1050 393 1217 443 Anicia,
1244 393 1462 448 Pomponii

119 456 380 504 consobrina,
412 462 607 507 nupserat
635 451 736 507 [M.]
766 451 929 503 Servio,
961 454 1076 494 fratri
1103 453 1287 508 Sulpicii.
1323 455 1460 508 itaque
1486 468 1504 496 2

117 517 328 558 interfecto
368 514 570 569 Sulpicio,
612 521 881 569 posteaquam
916 515 1019 555 vidit
1056 514 1244 555 Cinnano
1286 516 1461 556 tumultu

117 578 322 618 civitatem
348 591 440 617 esse
463 575 742 630 perturbatam
760 590 892 629 neque
913 575 990 616 sibi
1015 575 1102 615 dari
1127 575 1363 616 facultatem
1386 591 1460 630 pro

116 640 313 694 dignitate
338 639 516 686 vivendi,
548 638 646 691 quin
672 638 906 678 alterutram
931 645 1089 692 partem
1115 638 1352 687 offenderet,
1378 639 1461 679 dis-

117 700 280 741 sociatis
312 700 458 740 animis
491 699 659 747 civium,
698 713 791 739 cum
822 699 889 739 alii
923 698 1123 748 Sullanis,
1161 699 1229 740 alii
1262 698 1459 740 Cinnanis

116 761 302 802 faverent
336 760 540 815 partibus,
584 760 777 801 idoneum
812 766 974 814 tempus
1009 767 1122 800 ratus
1159 760 1304 801 studiis
1342 759 1461 801 obse-

116 823 266 876 quendi
293 822 397 871 suis,
422 821 610 862 Athenas
643 836 686 862 se
712 821 892 862 contulit.
935 836 1066 874 neque
1093 836 1140 862 eo
1166 821 1299 862 secius
1325 821 1461 862 adole-

115 890 296 925 scentem
325 883 525 931 Marium,
563 883 723 923 hostem
757 883 999 932 iudicatum,
1039 883 1142 922 iuvit
1176 882 1322 937 opibus
1360 883 1457 931 suis,

114 947 230 986 cuius
262 945 405 1000 fugam
434 945 608 1000 pecunia
639 944 880 985 sublevavit.
930 959 977 984 ac
1007 958 1057 984 ne
1087 944 1157 984 illa
1186 943 1459 998 peregrinatio
1486 955 1504 983 3

114 1007 402 1047 detrimentum
421 1006 587 1058 aliquod
605 1005 768 1045 afferret
785 1005 843 1046 rei
862 1005 1071 1053 familiari,
1099 1005 1242 1046 eodem
1267 1020 1460 1058 magnam

112 1074 270 1122 partem
294 1067 551 1107 fortunarum
582 1066 739 1106 traiecit
764 1080 942 1106 suarum.
984 1065 1051 1106 hic
1075 1066 1133 1105 ita
1156 1065 1275 1114 vixit,
1302 1071 1347 1104 ut
1371 1065 1461 1105 uni-

114 1129 241 1169 versis
267 1127 592 1168 Atheniensibus
623 1127 768 1168 merito
799 1132 908 1167 esset
933 1126 1181 1167 carissimus.
1224 1141 1320 1166 nam
1344 1141 1460 1180 prae-
1485 1139 1504 1166 4

112 1196 173 1229 ter
196 1189 382 1244 gratiam,
409 1203 514 1241 quae
538 1188 621 1228 iam
644 1188 687 1228 in
712 1187 1016 1229 adolescentulo
1041 1203 1193 1243 magna
1212 1193 1310 1236 erat,
1337 1202 1460 1241 saepe

114 1252 199 1291 suis
225 1250 372 1305 opibus
402 1250 581 1304 inopiam
614 1264 754 1290 eorum
784 1249 992 1303 publicam
1023 1249 1187 1290 levavit.
1231 1264 1326 1290 cum
1351 1250 1459 1290 enim

114 1327 326 1353 versuram
356 1311 491 1352 facere
515 1311 679 1365 publice
704 1325 871 1351 necesse
896 1317 1022 1360 esset,
1049 1325 1181 1364 neque
1207 1311 1294 1351 eius
1320 1311 1459 1351 condi-

114 1374 267 1414 tionem
294 1387 468 1426 aequam
486 1372 696 1421 haberent,
723 1386 885 1426 semper
910 1386 954 1412 se
978 1372 1231 1426 interposuit,
1258 1378 1380 1424 atque
1403 1372 1459 1412 ita

112 1442 157 1475 ut
180 1450 313 1488 neque
337 1450 504 1475 usuram
522 1448 721 1487 umquam
740 1433 791 1474 ab
816 1434 879 1474 his
900 1434 1101 1488 acceperit
1125 1448 1257 1487 neque
1280 1433 1456 1488 longius,

112 1512 235 1550 quam
267 1497 421 1536 dictum
453 1502 579 1544 esset,
617 1494 765 1536 debere
800 1509 948 1549 passus
980 1495 1044 1536 sit.
1092 1495 1203 1548 quod
1236 1500 1455 1547 utrumque
1482 1507 1500 1535 5

112 1564 198 1598 erat
233 1557 297 1597 his
335 1557 524 1598 salutare.
573 1571 669 1596 nam
704 1570 837 1609 neque
873 1556 1125 1611 indulgendo
1160 1556 1458 1597 inveterascere

112 1634 252 1660 corum
273 1633 341 1659 aes
362 1619 541 1659 alienum
566 1618 797 1672 patiebatur
820 1632 953 1671 neque
978 1618 1297 1672 multiplicandis
1321 1618 1457 1659 usuris

112 1695 305 1721 crescere.
343 1680 455 1721 auxit
479 1680 558 1720 hoc
582 1679 765 1720 officium
790 1679 869 1719 alia
888 1693 1052 1732 quoque
1076 1679 1331 1720 liberalitate.
1361 1694 1457 1719 nam
1484 1692 1501 1719 o·

110 1742 323 1783 universos
355 1741 558 1782 frumento
583 1741 769 1789 donavit,
801 1740 858 1780 ita
882 1746 926 1780 ut
950 1740 1124 1795 singulis
1150 1746 1308 1794 septem
1332 1740 1459 1780 modii

111 1803 230 1843 tritici
255 1803 465 1851 darentur-3
498 1802 567 1855 qui
598 1801 744 1842 modus
776 1815 992 1841 mensurae
1024 1800 1255 1841 medimnus
1280 1799 1457 1841 Athenis

111 1864 348 1918 appellatur.

176 1925 257 1966 ΠΙ.
299 1925 384 1966 Hic
414 1931 550 1966 autem
576 1925 634 1966 sie
665 1939 709 1966 se
741 1924 928 1980 gerebat,
960 1931 1005 1965 ut
1034 1924 1262 1966 communis
1292 1923 1455 1973 infimis,
1486 1938 1499 1965 1

109 2001 183 2041 par
206 1986 458 2041 principibus
483 1987 701 2027 videretur.
739 2001 821 2039 quo
846 1985 1001 2027 sactum
1027 1992 1101 2035 est,
1127 1992 1172 2026 ut
1195 1985 1290 2026 huic
1315 1999 1457 2026 omnes

110 2049 299 2098 honores,
325 2062 429 2102 quos
452 2054 641 2102 possent,
672 2047 837 2102 publice
861 2047 1058 2088 haberent
1083 2047 1296 2100 civemque
1321 2047 1457 2087 facere

111 2110 337 2159 studerent3
369 2124 450 2163 quo
475 2109 674 2151 beneficio
698 2109 766 2150 ille
795 2109 856 2150 uti
879 2109 1027 2158 noluit,
1059 2110 1171 2163 quod
1194 2109 1379 2150 nonnulli
1402 2109 1458 2149 ita

109 2172 447 2227 interpretantur,
491 2172 622 2213 amitti
663 2172 870 2213 civitatem
911 2172 1141 2212 Romanam
1195 2171 1275 2212 alia
1316 2170 1455 2212 ascita.

110 2235 305 2287 quamdiu
330 2234 459 2281 affuit,
484 2248 536 2274 ne
561 2248 643 2287 qua
667 2233 745 2274 sibi
771 2240 904 2274 statua
928 2240 1164 2288 poneretur,
1189 2234 1354 2282 restitit3
1386 2232 1458 2273 ab·
1482 2246 1500 2272 2²

112 2309 207 2336 sens
235 2295 453 2349 prohibere
482 2309 566 2335 non
594 2295 740 2348 potuit.
782 2295 920 2348 itaque
945 2296 1100 2349 aliquot
1129 2296 1209 2349 ipsi
1239 2301 1278 2335 et
1301 2294 1458 2334 Midiae

110 2357 211 2397 locis
237 2356 506 2396 sanctissimis
530 2362 774 2409 posuerunt:
799 2356 909 2396 hunc
934 2357 1042 2397 enim
1066 2357 1109 2397 in
1133 2356 1243 2397 omni
1267 2369 1459 2410 procura-

111 2420 220 2460 tione
243 2419 302 2459 rei
326 2417 514 2472 publicae
539 2424 720 2458 actorem
751 2424 1039 2471 auctoremque
1073 2418 1292 2459 habebant.
1333 2417 1458 2472 igitur
1483 2428 1501 2455 :3

110 2481 287 2534 primum
323 2479 424 2519 illud
460 2494 608 2519 munus
644 2479 853 2527 fortunae,
890 2479 1001 2531 quod
1035 2479 1078 2519 in
1114 2493 1162 2519 ea
1196 2478 1457 2533 potissimum

111 2541 212 2582 urbe
241 2547 360 2581 natus
397 2547 476 2588 cst,
512 2541 556 2580 in
585 2554 667 2593 qua
695 2540 945 2580 domicilium
975 2539 1085 2580 orbis
1121 2546 1318 2580 terrarum
1348 2546 1457 2579 essct

112 2603 288 2658 imperii,
325 2609 369 2642 ut
399 2602 572 2642 candem
601 2608 641 2642 et
674 2602 848 2655 patriam
883 2601 1052 2642 haberet
1081 2607 1121 2641 et
1155 2602 1342 2650 domum3
1379 2600 1457 2641 hoc

113 2665 318 2719 specimen
342 2664 595 2718 prudentiae,
622 2663 743 2716 quod,
771 2678 863 2704 cum
888 2664 931 2704 in
956 2678 1045 2704 cam
1072 2678 1115 2704 se
1135 2663 1339 2703 civitatem
1360 2676 1456 2703 con-
