1741 3184
658 175 935 211 TIMOLEON.
1423 167 1471 206 71

126 251 338 291 Crinisum
363 250 515 290 flumen
540 248 702 302 fugavit
726 264 774 290 ac
799 250 898 290 satis
925 248 1076 290 habere
1102 249 1248 304 co’egit,
1277 250 1311 290 si
1334 249 1474 290 liceret

123 312 311 352 Africam
332 311 526 359 obtinere,
552 310 622 362 qui
647 310 728 349 iam
754 311 986 364 complures
1012 326 1141 352 annos
1168 311 1474 365 possessionem

126 372 291 413 Siciliae
311 371 515 413 tenebant.
554 370 661 424 cepit
680 371 803 411 etiam
816 371 1088 421 Mamercum,
1104 373 1293 413 Italicum
1313 373 1473 422 ducem,

123 434 330 474 hominem
349 432 588 473 bellicosum
609 438 649 472 et
672 438 893 486 potentem.
921 433 991 485 qui
1011 439 1206 487 tyrannos
1226 434 1414 475 adiutum
1432 435 1475 475 in

126 494 310 535 Siciliam
334 499 514 534 venerat.

190 555 270 595 111.
309 554 473 607 Quibus
498 554 621 595 rebus
641 554 840 596 confectis
866 569 961 595 eum
984 561 1149 609 propter
1168 555 1476 597 diuturnitatem

123 616 218 656 belli
241 630 324 657 non
354 616 488 657 solum
512 616 721 671 regiones,
754 616 828 657 sed
852 616 975 656 etiam
999 615 1123 657 urbes
1155 616 1339 657 desertas
1363 617 1478 658 vide-

122 685 194 726 ret,
221 677 479 730 conquisivit,
505 691 609 730 quos
634 677 778 732 potuit,
804 678 983 732 primum
999 675 1183 726 Siculos3
1208 677 1304 718 dein
1329 676 1478 719 Corin-

123 733 192 780 tho
218 739 432 780 arcessivit
456 739 636 789 colonos,
661 740 773 792 quod
797 739 849 781 ab
874 739 938 780 his
963 739 1078 781 initio
1105 737 1337 794 Syracusae
1362 746 1478 781 erant

123 801 323 841 conditae.
360 801 520 842 civibus
535 801 742 842 veteribus
763 816 838 842 sua
855 801 1044 851 restituit,
1070 801 1188 843 novis
1208 801 1315 843 bello
1329 817 1477 843 vacue-

123 862 254 902 factas
279 863 567 916 possessiones
592 863 749 912 divisit3
781 862 944 903 urbium
978 863 1141 903 moenia
1165 863 1336 904 disiecta
1360 864 1476 904 sana-

122 938 202 976 que
216 924 378 964 deserta
389 924 531 965 refecit
539 940 549 973 3
576 924 809 965 civitatibus
823 924 936 979 leges
956 924 1267 978 libertatemque
1280 924 1475 973 reddidit3

123 999 175 1024 ex
205 985 385 1025 maximo
415 985 522 1026 bello
553 991 711 1026 tantum
741 986 870 1026 otium
901 991 1009 1025 totae
1040 985 1199 1026 insulae
1230 985 1474 1034 conciliavit,

123 1052 167 1085 ut
191 1045 258 1086 hie
283 1047 469 1087 conditor
492 1046 653 1087 urbium
679 1061 833 1095 earum,
859 1062 941 1087 non
965 1047 1035 1095 illi,
1062 1047 1133 1099 qui
1157 1047 1271 1087 initio
1297 1047 1478 1087 deduxe-

122 1114 225 1156 rant,
251 1107 469 1148 videretur.
506 1123 642 1148 arcem
669 1107 908 1162 Syracusis,
941 1122 1065 1161 quam
1090 1108 1293 1148 munierat
1315 1107 1478 1162 Diony-

123 1168 208 1208 sius
234 1168 288 1209 ad
312 1168 455 1210 urbem
480 1169 764 1219 obsidendam,
791 1185 815 1210 a
839 1169 1118 1210 fundamentis
1144 1169 1316 1219 disiecit,
1343 1175 1478 1211 cetera

122 1230 349 1283 tyrannidis
379 1231 691 1286 propugnacula
720 1231 939 1272 demolitus
978 1237 1041 1272 est
1070 1231 1264 1284 deditque
1295 1246 1474 1286 operam,

122 1300 166 1331 ut
190 1305 315 1344 quam
339 1292 506 1333 minime
530 1293 659 1333 multa
684 1293 858 1347 vestigia
884 1293 1091 1334 servitutis
1121 1299 1346 1333 manerent.
1383 1307 1476 1333 cum

122 1353 244 1393 tantis
271 1361 380 1393 esset
405 1353 572 1407 opibus,
599 1361 643 1393 ut
668 1354 791 1394 etiam
816 1354 955 1394 invitis
981 1354 1181 1407 imperare
1206 1360 1359 1408 posset,
1386 1360 1475 1394 tan-

122 1421 207 1453 tum
234 1421 371 1454 autem
397 1429 578 1455 amorem
608 1415 778 1456 haberet
801 1415 985 1456 omnium
1012 1414 1260 1464 Siculorum,
1292 1422 1338 1455 ut
1361 1415 1474 1456 nullo

120 1482 336 1516 recusante
367 1491 540 1531 regnum
565 1476 767 1526 obtinere,
799 1476 943 1517 maluit
968 1491 1012 1517 se
1042 1476 1158 1531 diligi
1183 1490 1307 1529 quam
1332 1476 1472 1516 metui.

120 1536 259 1590 itaque
284 1552 378 1577 cum
402 1538 580 1592 primum
604 1538 748 1593 potuit,
774 1538 993 1593 imperium
1012 1538 1203 1592 deposuit
1221 1553 1270 1579 ac
1287 1538 1472 1592 privatus

124 1596 357 1652 Syracusis,
384 1601 494 1652 quod
519 1600 722 1653 reliquum
746 1600 854 1641 vitae
879 1600 969 1649 fuit,
995 1600 1109 1640 vixit.
1146 1614 1280 1653 neque
1305 1615 1401 1641 vero
1431 1601 1473 1641 id

122 1660 308 1714 imperite
334 1661 442 1702 fecit.
481 1678 577 1703 nam
602 1663 712 1715 quod
743 1663 866 1703 ceteri
894 1676 1014 1717 reges
1046 1662 1216 1715 imperio
1240 1669 1472 1716 potuerunt,

119 1720 186 1762 hic
217 1721 502 1764 benevolentia
532 1724 673 1764 tenuit.
722 1723 858 1764 nullus
882 1723 1014 1764 honos
1040 1723 1135 1763 huic
1160 1723 1309 1772 defuit,
1341 1737 1474 1776 neque

120 1790 264 1836 postea
293 1799 359 1825 res
385 1785 468 1825 ulla
495 1783 715 1839 Syracusis
741 1791 859 1840 gesta
883 1791 944 1825 est
969 1783 1151 1838 publice,
1177 1784 1228 1824 de
1253 1798 1335 1837 qua
1358 1784 1473 1838 prius

121 1845 173 1884 sit
197 1845 407 1885 decretum
432 1860 555 1898 quam
570 1846 842 1887 Timoleontis
868 1845 1071 1886 sententia
1096 1845 1273 1900 cognita.
1320 1846 1472 1886 nullius

119 1920 316 1959 umquam
335 1907 551 1948 consilium
575 1922 658 1948 non
677 1908 799 1949 modo
824 1907 1060 1956 antelatum,
1088 1907 1161 1947 sed
1185 1921 1235 1947 ne
1261 1922 1473 1962 compara-

120 1973 207 2007 tum
232 1967 399 2020 quidem
424 1975 498 2009 est.
535 1983 668 2022 neque
693 1969 735 2010 id
760 1969 894 2024 magis
919 1968 1205 2009 benevolentia
1228 1968 1383 2009 factum
1409 1975 1473 2009 est

120 2042 244 2081 quam
268 2030 496 2083 prudentia.

185 2089 263 2131 IV.
310 2090 394 2132 Hic
431 2106 526 2132 eum
562 2098 694 2133 aetate
730 2093 810 2133 iam
848 2098 1066 2147 provectus
1105 2096 1231 2141 esset,
1270 2091 1357 2132 sine
1387 2091 1471 2132 ullo

119 2151 262 2192 morbo
298 2152 454 2194 lumina
489 2154 702 2195 oculorum
738 2155 886 2195 amisit.
937 2169 1062 2208 quam
1099 2153 1373 2194 calamitatem
1414 2153 1472 2193 ita

118 2214 327 2254 moderate
352 2215 456 2264 tulit,
482 2222 528 2255 ut
551 2230 685 2269 neque
710 2231 804 2256 eum
823 2223 1064 2269 querentem
1088 2215 1307 2268 quisquam
1332 2215 1472 2254 audie-

119 2273 181 2321 rit,
208 2289 340 2327 neque
366 2290 414 2315 eo
438 2276 573 2316 minus
598 2278 767 2331 privatis
793 2277 1051 2331 publicisque
1075 2276 1199 2317 rebus
1230 2276 1468 2316 interfuerit.

122 2334 310 2375 veniebat
334 2343 471 2376 autem
495 2337 536 2376 in
562 2337 779 2386 theatrum,
807 2353 901 2379 cum
919 2339 976 2380 ibi
995 2338 1214 2379 concilium
1238 2337 1379 2391 populi
1397 2337 1471 2377 ha-

118 2395 293 2445 beretur,
320 2404 485 2451 propter
503 2399 780 2439 valetudinem
801 2406 941 2440 vectus
966 2400 1160 2441 iumentis
1179 2399 1327 2440 iunctis
1347 2404 1469 2451 atque

118 2457 174 2497 ita
198 2457 249 2498 de
274 2458 481 2508 vehiculo,
515 2474 619 2512 quac
647 2460 908 2509 videbantur,
935 2461 1109 2501 dicebat.
1152 2475 1284 2513 neque
1309 2459 1387 2500 hoc
1411 2459 1469 2499 illi

117 2519 336 2572 quisquam
363 2520 568 2562 tribuebat
593 2522 827 2576 superbiae:
854 2522 955 2562 nihil
979 2523 1088 2563 enim
1113 2537 1309 2574 umquam
1334 2535 1468 2573 neque

116 2580 296 2622 insolens
327 2596 460 2635 neque
489 2583 716 2637 gloriosum
747 2598 798 2624 ex
822 2598 890 2624 ore
916 2584 1003 2624 eius
1035 2583 1144 2623 exiit.
1193 2583 1262 2635 qui
1287 2582 1465 2635 quidem,

118 2656 212 2683 cum
238 2658 334 2685 suas
361 2644 503 2684 laudes
534 2644 690 2685 audiret
717 2645 954 2699 praedicari,
980 2659 1206 2697 numquam
1231 2643 1341 2684 aliud
1367 2643 1469 2683 dixit

1501 816 1520 844 10

1499 1614 1518 1642 σι

1495 2349 1513 2377 2

1493 2598 1511 2624 3
