1788 3200
268 730 286 758 lx'a

265 2467 283 2496 Ιῦ

265 2715 283 2744 3

313 209 368 249 50
754 209 993 245 CORNELI]
1016 208 1229 245 NEPOTIS

314 292 391 331 hoc
412 288 511 330 satis
532 286 826 328 testimonium.
863 285 1039 340 plurima
1058 285 1225 339 quidem
1243 285 1426 341 proferre
1440 300 1670 341 possemus,

314 352 387 392 sed
423 349 570 390 modus
601 348 859 389 adhibendus
891 355 971 396 est,
1009 348 1205 401 quoniam
1234 363 1316 388 uno
1353 348 1433 389 hoc
1465 348 1671 389 volumine

311 413 439 453 vitam
469 410 757 453 excellentium
788 410 968 451 virorum
999 410 1272 465 complurium
1299 409 1543 452 concludere
1575 424 1672 451 con-

313 473 533 522 stituimus,
559 487 734 526 quorum
761 471 981 527 separatim
1000 471 1139 513 multis
1160 473 1325 514 milibus
1346 488 1541 514 versuum
1562 487 1672 514 com-

313 536 451 590 plures
478 535 697 589 scriptores
724 542 817 574 ante
842 548 916 574 nos
942 533 1212 588 explicarunt.

369 597 422 639 V.
459 597 557 638 Fuit
582 597 704 637 etiam
730 596 922 645 disertus,
949 602 994 635 ut
1018 610 1140 636 nemo
1165 596 1202 636 ei
1217 595 1443 636 Thebanus
1468 611 1544 650 par
1562 603 1671 637 essct

313 659 562 713 eloquentia,
599 673 733 711 neque
765 657 900 698 minus
932 657 1157 697 concinnus
1188 657 1229 697 in
1266 657 1465 698 brevitate
1501 673 1671 712 respon-

313 721 437 762 dendi
472 735 597 774 quam
628 720 670 760 in
700 726 900 773 perpetua
929 718 1112 759 oratione
1144 725 1324 759 ornatus.
1368 719 1512 760 habuit
1537 719 1670 760 obtre-

312 790 509 823 ctatorem
522 780 801 821 Meneclidem
820 779 1027 832 quendam
1046 779 1228 819 indidem
1243 779 1399 820 Thebis
1420 787 1460 821 et
1479 781 1672 821 adversa-

311 844 417 884 rium
452 842 496 884 in
526 841 852 883 administranda
886 855 930 881 re
966 840 1150 895 publica,
1189 841 1288 882 satis
1326 842 1594 882 exercitatum
1630 842 1672 882 in

312 905 499 954 dicendo,
521 911 565 944 ut
579 902 826 944 Thebanum
849 902 1022 943 scilieet:
1048 917 1226 956 namque
1248 903 1305 943 illi
1320 903 1433 958 genti
1452 903 1545 958 plus
1565 903 1672 944 inest

313 967 460 1008 virium
486 981 610 1020 quam
636 965 803 1020 ingenii.
840 964 895 1014 is,
921 964 1033 1018 quod
1057 964 1099 1005 in
1128 980 1172 1006 re
1203 965 1367 1006 militari
1391 965 1535 1007 florere
1559 965 1673 1021 Epa-

313 1029 551 1070 minondam
582 1028 766 1077 videbat,
804 1027 957 1068 hortari
989 1027 1148 1068 solebat
1173 1027 1415 1077 Thebanos,
1453 1035 1498 1069 ut
1527 1043 1671 1083 pacem

314 1092 421 1133 bello
447 1091 709 1139 anteferrent,
736 1105 786 1131 ne
805 1090 914 1131 illius
935 1089 1192 1144 imperatoris
1214 1105 1337 1145 opera
1358 1091 1670 1132 desideraretur.

313 1154 409 1194 huic
424 1153 504 1202 ille,
522 1153 718 1203 „Fallis‚“
734 1152 880 1206 inquit,
899 1152 1051 1202 „verbo
1066 1152 1177 1193 cives
1193 1160 1296 1201 tuos,
1312 1153 1422 1205 quod
1437 1152 1512 1193 hos
1528 1169 1551 1193 a
1565 1152 1672 1194 bello

313 1231 502 1265 revocas3
529 1215 600 1256 otii
632 1215 740 1255 enim
766 1214 931 1255 nomine
963 1214 1201 1255 servitutem
1233 1214 1439 1256 concilias.
1478 1230 1573 1255 nam
1599 1230 1671 1269 pa-

312 1279 414 1319 ritur
444 1293 527 1332 pax
558 1277 678 1318 bello.
715 1277 853 1330 itaque
884 1276 954 1330 qui
986 1291 1034 1317 ea
1064 1277 1222 1317 diutina
1251 1276 1396 1317 volunt
1425 1277 1524 1326 frui,
1563 1276 1670 1317 bello

313 1339 524 1381 exercitati
549 1354 641 1380 esse
667 1339 830 1379 debent.
874 1353 1001 1392 quare
1027 1338 1062 1379 si
1085 1338 1292 1392 principes
1319 1337 1520 1379 Graeciae
1547 1338 1669 1379 vultis

313 1417 417 1451 csse,
445 1401 589 1442 eastris
616 1408 679 1442 est
697 1400 815 1441 vobis
841 1400 1054 1449 utendum,
1080 1415 1163 1440 non
1187 1400 1431 1454 palaestra.“
1469 1400 1579 1441 idem
1604 1400 1670 1441 ille

311 1463 568 1504 Meneclides
600 1477 694 1504 cum
719 1462 814 1503 huic
839 1461 1052 1512 obiiceret,
1083 1462 1196 1515 quod
1218 1461 1369 1503 liberos
1394 1477 1478 1503 non
1502 1461 1671 1503 haberet

311 1540 445 1579 neque
467 1540 638 1566 uxorem
658 1525 858 1574 duxisset,
879 1524 1140 1578 maximeque
1161 1524 1436 1574 insolentiam,
1462 1525 1572 1578 quod
1592 1524 1670 1566 sibi

311 1587 643 1642 Agamemnonis
680 1586 777 1628 belli
801 1586 976 1642 gloriam
1007 1586 1216 1628 videretur
1246 1593 1508 1636 consecutus,
1542 1585 1667 1637 „At‚'·‘

311 1650 392 1698 ille,
410 1650 619 1700 „desine,“
635 1649 779 1703 inquit,
797 1649 1072 1700 „Meneclida,
1082 1649 1132 1690 de
1147 1664 1274 1690 uxore
1288 1649 1388 1690 mihi
1403 1648 1668 1704 exprobrar03

310 1727 407 1752 nam
421 1711 573 1752 nullius
588 1712 630 1752 in
642 1711 722 1752 ista
734 1727 777 1752 re
791 1712 927 1752 minus
942 1712 1002 1752 uti
1015 1712 1186 1753 consilio
1201 1712 1339 1753 volo:“
1366 1711 1546 1753 habebat
1560 1712 1667 1752 enim

312 1772 569 1814 Meneclides
596 1773 874 1827 suspicionem
895 1773 1102 1814 adulterii:
1135 1774 1279 1827 „quod
1304 1781 1443 1815 autem
1469 1789 1535 1814 me
1554 1773 1671 1829 Aga—

312 1850 572 1875 memnonem
592 1835 790 1875 aemulari
813 1841 948 1889 putas,
975 1835 1129 1876 falleris
1141 1850 1150 1883 ;
1181 1850 1359 1889 namque
1379 1836 1446 1877 ille
1466 1851 1560 1876 eum
1580 1836 1670 1876 uni-

311 1912 432 1938 versa
463 1895 640 1938 Graecia
669 1897 741 1937 vix
770 1897 914 1938 decem
945 1897 1062 1938 annis
1094 1912 1219 1938 unam
1251 1897 1359 1951 cepit
1389 1896 1553 1947 urbem3
1591 1912 1668 1952 ego

311 1967 454 1999 contra
486 1974 534 1999 ca
564 1974 647 2000 una
676 1958 778 2000 urbe
815 1967 955 2000 nostra
985 1959 1133 2012 dieque
1170 1974 1252 2000 uno
1289 1965 1415 2000 totam
1449 1957 1668 2000 Graeciam

310 2020 657 2062 Lacedaemoniis
680 2020 837 2076 sugatis
862 2020 1071 2062 liberavi.“

379 2082 455 2123 VI.
494 2083 612 2124 Idem
633 2098 726 2124 cum
746 2084 788 2124 in
808 2090 1057 2124 conventum
1076 2083 1258 2125 venisset
1271 2081 1485 2124 Arcadum
1510 2090 1666 2138 petens,

314 2151 356 2185 ut
381 2145 618 2186 societatem
650 2160 745 2186 cum
770 2145 982 2187 Thebanis
1014 2152 1055 2187 et
1078 2145 1250 2201 Argivis
1277 2145 1477 2194 facerent,
1510 2153 1669 2186 contra-

310 2222 391 2260 que
429 2206 710 2257 Callistratus,
747 2207 1068 2249 Atheniensium
1104 2208 1285 2263 legatus,
1324 2208 1395 2262 qui
1437 2208 1669 2262 eloquentia

311 2284 453 2311 omnes
474 2285 522 2311 eo
546 2270 783 2324 praestabat
808 2277 1004 2325 tempore,
1030 2271 1268 2325 postularet,
1295 2277 1340 2311 ut
1364 2270 1502 2325 potius
1528 2270 1669 2311 amiei-

311 2330 408 2371 tiam
436 2339 707 2385 sequerentur
730 2332 984 2382 Atticorum,
1018 2340 1057 2373 et
1082 2332 1123 2373 in
1149 2332 1330 2373 oratione
1356 2347 1432 2373 sua
1457 2332 1585 2372 multa
1609 2332 1670 2372 in-

310 2403 452 2434 vectus
484 2401 595 2435 esset
624 2394 666 2435 in
692 2394 916 2436 Thebanos
948 2401 989 2435 et
1012 2394 1216 2450 Argivos,
1248 2394 1291 2435 in
1321 2394 1464 2448 eisque
1494 2394 1572 2435 hoc
1596 2409 1670 2449 po-

312 2454 475 2506 suisset,
497 2456 680 2497 animum
700 2457 914 2498 advertere
933 2456 1083 2498 debere
1102 2456 1306 2506 Arcadas,
1333 2456 1476 2510 quales
1496 2464 1669 2510 utraque

310 2517 454 2559 civitas
481 2518 592 2558 cives
619 2526 887 2573 procreasset,
915 2534 966 2560 ex
991 2519 1143 2572 quibus
1165 2519 1216 2560 de
1243 2519 1389 2560 ceteris
1414 2527 1585 2573 possent
1609 2519 1670 2559 iu-

309 2579 464 2620 dicare:
513 2580 697 2635 Argivos
741 2581 849 2621 enim
892 2581 1024 2622 fuisse
1063 2580 1258 2623 Orestem
1295 2589 1334 2622 et
1369 2580 1667 2622 Alcmaeonem

309 2642 564 2692 man-ieidas3
591 2643 748 2683 Thebis
766 2642 977 2697 Oedipum
996 2651 1153 2691 natum,
1175 2643 1245 2696 qui
1261 2658 1354 2684 cum
1370 2650 1526 2697 patrem
1547 2656 1667 2681 suum

310 2703 594 2754 interfecisset,
622 2719 673 2744 ex
697 2711 826 2745 matre
852 2705 1003 2746 liberos
1028 2719 1286 2759 procreasse;
1313 2704 1408 2744 huic
1433 2704 1474 2744 in
1498 2718 1682 2759 respons
