1788 3200
231 212 308 252 100

225 303 239 319 a
254 295 312 319 Chr
331 302 358 318 n.

244 313 320 371 ’με’

245 437 312 471 415

245 538 313 572 414

244 588 309 621 411

244 740 311 774 408

243 891 311 925 40ss

243 942 310 976 405

243 1093 312 1127 404

243 1144 311 1178 403

243 1194 309 1228 401

245 1296 312 1330 400

244 1396 311 1430 399

244 1497 311 1532 398

243 1549 310 1582 396

243 1699 311 1734 395

244 1851 313 1886 394

244 1953 311 1987 393

244 2005 288 2038 39
294 2006 310 2038 1

244 2055 312 2088 390

244 2105 311 2139 387

244 2154 312 2188 385

245 2205 312 2239 382

245 2256 313 2291 378

245 2306 312 2341 377

245 2509 313 2543 376

245 2559 313 2593 375

247 2609 314 2643 374

340 2614 344 2688 l

341 2693 345 2751 1

530 222 752 249 DESCRIPTIO
779 222 986 247 TEMPORUM
1013 222 1140 248 RERUM
1166 222 1381 248 GESTARUM.

372 336 602 379 Alcibiades,
624 335 752 370 Nicias
771 339 809 370 et
821 335 1034 370 Lamachus
1049 336 1164 370 duces
1178 335 1464 371 Atheniensium
1478 335 1528 369 ad
1541 334 1680 369 bellum

418 397 501 420 eum
515 385 763 431 Syracusanis
777 387 982 431 gerendum
996 385 1098 419 missi
1123 387 1205 421 Alc.
1221 387 1254 430 3,
1272 387 1304 421 1.

370 435 588 471 Alcibiades
608 441 808 471 accusatus
829 436 1039 483 capitisque
1060 438 1257 472 damnatus
1270 437 1599 472 Lacedaemonem
1618 435 1679 470 de-

417 488 552 533 migrat
577 488 656 521 Alc.
672 487 694 521 3
709 499 763 532 sq.

370 537 518 573 Bellum
531 538 757 573 Deceliense
782 539 862 574 Alc.
879 537 911 578 4,
927 538 958 572 7.

370 589 588 624 Alcibiades
608 589 745 624 absens
764 599 835 622 una
859 599 941 622 cum
957 588 1200 634 Thrasybulo
1217 592 1255 623 et
1269 588 1505 623 Theramene
1520 586 1674 632 imperio

414 638 631 685 praeficitur
644 643 683 673 et
694 639 1019 674 Lacedaemonios
1033 644 1133 673 terra
1145 638 1312 683 marique
1336 642 1532 683 superatos
1546 649 1678 683 pacem

416 690 543 724 facere
559 689 661 734 cogit
686 691 766 724 Alc.
781 689 814 733 5,
827 689 861 723 4.

370 739 589 774 Alcibiades
603 739 774 773 Athenas
794 750 966 774 reversus
983 750 1221 784 summusque
1240 738 1445 783 imperator
1458 738 1580 772 factus
1595 749 1678 772 eum

413 789 724 824 Lacedaemoniis
738 789 860 824 minus
876 790 1068 824 commode
1078 788 1248 835 confligit
1261 793 1298 823 et
1309 789 1438 834 paullo
1448 792 1536 834 post
1548 788 1679 822 iterum

414 840 451 874 in
467 840 615 874 exilium
629 840 781 884 pellitur
805 841 885 874 Alc.
899 841 920 874 6
935 844 972 874 et
985 840 1016 875 7.

368 890 575 936 Dionysius
588 890 706 924 maior
719 891 955 936 tyrannidem
965 889 1161 936 Syracusis
1177 893 1337 935 occupat
1351 890 1458 924 Dion.
1469 890 1501 924 1.
1512 890 1597 934 Req.
1605 889 1638 933 2,
1646 890 1679 924 2.

368 942 567 987 Lysander
579 940 876 976 Atheniensibus
890 942 938 976 ad
952 941 1081 986 Aegos
1096 940 1234 975 flumen
1248 941 1357 975 vietis
1377 941 1478 974 bello
1492 940 1679 985 Pelopon-

414 992 566 1027 nesiaco
581 991 694 1026 finem
707 992 799 1027 facit
818 993 903 1036 Lys.
921 993 950 1026 1.
971 993 1050 1026 Alc.
1064 992 1097 1036 8,
1112 992 1144 1026 6.
1165 992 1250 1025 Con.
1266 992 1298 1035 1,
1312 991 1344 1025 2.
1380 990 1538 1025 Athenis
1559 990 1679 1036 captis

414 1043 570 1088 triginta
583 1046 766 1088 tyrannos
780 1042 939 1087 imponit
965 1043 1087 1076 Thr-as.
1104 1043 1136 1086 1,
1151 1041 1183 1076 5.

369 1093 589 1128 Alcibiades
603 1093 641 1127 in
655 1093 823 1139 Phrygia
838 1092 1060 1137 opprimitur
1082 1096 1111 1127 Α
1119 1095 1162 1127 lc.
1179 1093 1234 1136 10,
1249 1092 1280 1126 6.

370 1145 569 1189 Lysander
582 1149 782 1178 accusatus
796 1143 1007 1178 absolvitur
1033 1144 1114 1188 Lys.
1130 1143 1164 1187 3,
1178 1142 1212 1176 4.

371 1195 634 1240 Thrasybulus
666 1194 851 1238 superatis
882 1193 1037 1239 triginta
1066 1193 1235 1239 tyrannis
1271 1193 1484 1228 libertatem
1514 1193 1680 1228 restituit

414 1244 711 1280 Atheniensibus
739 1246 861 1278 Tkras.
875 1245 908 1288 3,
926 1246 956 1278 l.

369 1295 570 1342 Agesilaus
589 1294 703 1340 Agidi
724 1294 831 1328 fratri
849 1294 886 1329 in
905 1305 1023 1340 regno
1045 1293 1214 1328 succedit
1237 1294 1340 1339 Ayes.
1356 1295 1388 1328 1.
1420 1293 1507 1340 Cyri
1526 1294 1679 1329 minoris

416 1345 604 1390 expeditio
619 1345 799 1379 adversus
813 1344 965 1379 fratrem
992 1345 1077 1378 Con.
1092 1344 1125 1388 3,
1141 1344 1172 1378 1.
1197 1345 1276 1379 Alc.
1293 1345 1326 1388 9,
1340 1344 1372 1379 5.

371 1394 501 1431 Conon
510 1395 668 1429 Athenis
683 1395 814 1439 pulsus
822 1395 1022 1429 Persarum
1036 1394 1147 1429 classi
1161 1395 1342 1429 adversus
1351 1395 1679 1430 Lacedaemonios

415 1446 632 1492 praeficitur
658 1447 742 1480 Con.
758 1446 791 1488 2,
806 1445 838 1479 2.

371 1499 480 1532 Plato
495 1498 700 1531 Tarentum
714 1496 827 1540 venit,
843 1495 929 1530 indc
946 1496 1152 1541 Syracusas
1176 1496 1285 1530 Dion.
1299 1496 1332 1540 2,
1348 1496 1380 1530 2.

370 1547 573 1594 Agesilaus
589 1558 669 1581 cum
686 1547 811 1581 Persis
826 1546 863 1581 in
875 1546 968 1581 Asia
982 1547 1121 1581 bellum
1135 1546 1232 1592 gerit
1258 1547 1344 1581 Con..
1360 1546 1393 1590 2,
1407 1546 1439 1580 3.
1465 1547 1569 1591 Aqes.
1583 1547 1616 1581 2.

369 1598 584 1644 Lysander,
611 1597 684 1631 dux
711 1597 1115 1641 Lacedaemoniorum,
1142 1597 1180 1631 in
1205 1597 1350 1642 proelio
1377 1609 1459 1631 eum
1486 1597 1679 1632 Thebanis

416 1649 516 1694 apud
531 1648 742 1683 Haliartum
759 1648 957 1682 commisso
973 1647 1074 1682 cadit
1098 1648 1180 1692 Lys.
1196 1648 1229 1691 3,
1244 1647 1276 1682 4.

371 1698 502 1734 Conon
516 1699 840 1734 Lacedaemonios
855 1698 999 1743 proelio
1014 1698 1140 1733 navali
1154 1699 1201 1733 ad
1212 1698 1369 1733 Cnidum
1383 1698 1498 1733 vincit
1513 1697 1637 1741 Con.4,
1647 1698 1680 1733 4.

414 1749 615 1795 Agesilaus
636 1761 680 1784 ex
694 1750 786 1784 Asia
801 1753 997 1784 revocatus
1013 1749 1061 1784 ad
1074 1748 1284 1784 Coroneam
1297 1749 1550 1784 Athenienses
1571 1760 1678 1794 supe-

414 1805 474 1834 rat
496 1802 601 1845 Aqes.
619 1801 648 1844 1,
663 1799 695 1834 5.

371 1849 501 1886 Conon
521 1850 753 1885 Athenarum
779 1862 902 1885 muros
926 1849 1108 1895 restituit,
1137 1850 1202 1885 sed
1223 1862 1244 1885 a
1264 1850 1441 1885 Tiribazo
1468 1850 1506 1885 in
1531 1850 1681 1885 vincula

416 1901 612 1936 coniicitur
627 1901 713 1937 Con.
729 1900 762 1944 4,
776 1900 808 1935 5.
822 1900 855 1944 5,
865 1901 896 1935 3.
922 1900 1072 1934 Initium
1087 1901 1176 1935 belli
1191 1900 1420 1935 Corinthiaci
1437 1903 1539 1945 Ayes.
1555 1901 1588 1945 5,
1603 1902 1634 1935 1.

371 1951 579 1997 Iphicrates
593 1951 918 1986 Lacedaemonios
934 1952 1034 1996 apud
1049 1950 1266 1985 Corinthum
1282 1956 1435 1996 superat
1459 1953 1534 1996 [ph.
1551 1952 1583 1992 ⁴2,
1601 1952 1630 1985 1.

370 2002 572 2047 Agesilaus
586 2014 716 2048 agrum
731 2002 1002 2036 Corinthiorum
1016 2002 1218 2047 populatur
1242 2003 1347 2046 Aqes.
1363 2002 1396 2036 5.

370 2053 633 2098 Thrasybulus
648 2053 835 2087 occiditur
861 2054 983 2086 Thrax.
997 2052 1030 2096 4,
1044 2053 1077 2086 4.

372 2103 553 2138 Chabrias
569 2115 713 2138 omnem
730 2102 892 2148 Cyprum
908 2103 1048 2148 subigit
1075 2104 1200 2138 Chabr.
1216 2103 1249 2146 2,
1265 2103 1297 2137 2.

370 2154 550 2188 Datames
566 2153 718 2188 Ciliciae
732 2153 950 2198 praeficitur
974 2155 1059 2187 Dat.
1077 2154 1107 2197 1,
1122 2153 1154 2187 5.

372 2203 662 2239 Lacedaemonii
676 2204 770 2238 duee
786 2204 984 2238 Phoebida
998 2203 1197 2238 Cadmeam
1212 2208 1400 2249 occupant
1424 2205 1498 2239 Pel.
1514 2205 1546 2249 1,
1560 2205 1593 2238 2.

370 2254 508 2289 Exules
524 2254 698 2289 Thebani
714 2253 912 2289 Cadmeam
927 2254 1112 2299 recipiunt
1135 2256 1210 2289 Pel.
1225 2255 1258 2298 3,
1273 2255 1305 2289 3.

370 2304 572 2350 Agesilaus
598 2305 873 2350 expeditionem
899 2305 935 2339 in
960 2304 1157 2339 Boeotiam
1183 2305 1356 2350 suscipit,
1389 2304 1572 2340 Chabrias
1597 2317 1680 2340 eum

416 2355 532 2390 vincit
557 2356 680 2391 Chabr.
700 2356 729 2399 1,
745 2356 779 2389 2.
818 2355 1001 2390 Chabrias
1016 2354 1157 2389 Acorin
1177 2356 1344 2390 adiutum
1363 2355 1557 2401 profectus
1575 2367 1681 2391 revo-

417 2410 523 2441 catur
537 2405 705 2441 Athenas
727 2407 852 2441 Chabr.
868 2407 900 2451 2,
915 2407 946 2440 3.
984 2406 1194 2452 Iphicrates
1208 2405 1405 2442 Artaxerxi
1418 2406 1556 2441 auxilio
1570 2407 1681 2442 mitti-

416 2460 477 2491 tur
500 2458 577 2502 Iph.
592 2457 625 2501 2,
640 2456 673 2492 4.

371 2507 593 2542 Timotheus
607 2507 931 2543 Lacedaemonios
946 2508 993 2541 ad
1008 2507 1201 2542 Leucaten
1217 2511 1370 2552 superat
1397 2509 1537 2542 Timone.
1552 2507 1586 2551 2,
1603 2509 1634 2541 1.

370 2558 645 2592 Lacedaemonii
655 2558 841 2603 imperium
850 2558 1244 2593 marisAtheniensibus
1254 2558 1459 2593 concedunt
1470 2558 1679 2601 Tz'motlz.2,2.

370 2608 579 2654 Iphicrates
600 2609 779 2644 exercitui
792 2609 991 2644 Persarum
1012 2609 1244 2643 conductitio
1264 2608 1479 2654 praefectus
1499 2609 1678 2643 adversus

417 2658 641 2744 {¹.‹²,1=gysstios}3
643 2658 895 2728 proficiscitur
910 2662 947 2694 et
959 2659 1087 2706 paullo
1102 2662 1190 2705 post
1198 2658 1366 2694 Athenas
1382 2659 1579 2694 revertitur
1601 2659 1676 2703 Iph.

443 2735 450 2753 ,
489 2735 496 2743 .
560 2716 605 2743 at.
623 2724 628 2728 ·
644 2736 652 2754 ,
667 2721 699 2743 ο.
