1741 3184
511 199 553 233 Τ.
571 197 863 234 POMPONIUS
883 196 1110 234 ATTICUS.
1430 190 1483 231 87

132 274 407 330 principatum
438 271 694 325 eloquentiae
725 271 909 321 tenebat,
946 278 991 313 ut
1020 271 1193 328 intelligi
1217 287 1299 314 non
1329 279 1483 328 posset,

132 343 223 377 uter
242 350 336 377 eum
359 335 453 390 plus
472 333 673 388 diligeret,
696 331 843 374 Cicero
868 349 920 374 an
932 333 1202 384 Hortensius3
1228 340 1269 376 et
1291 334 1347 385 id,
1373 335 1485 389 quod

132 403 218 438 erat
242 395 549 444 difficillimum,
581 392 805 443 efficiebat,
835 400 899 443 ut,
924 394 1029 435 inter
1053 409 1158 448 quos
1189 402 1325 438 tantae
1348 396 1483 438 laudis

131 464 242 500 esset
276 456 514 506 aemulatio,
552 455 665 496 nulla
699 454 969 496 intercederet
998 455 1256 508 obtrectatio,
1293 464 1484 513 essetque

131 520 274 561 talium
297 519 478 561 virorum
503 517 662 572 copula.

196 580 273 622 VI.
308 579 360 621 In
389 594 433 621 re
457 578 623 635 publica
646 579 704 621 ita
728 585 790 621 est
815 585 1021 629 versatus,
1053 585 1099 620 ut
1123 593 1286 635 semper
1310 581 1482 635 optima-

128 657 221 683 rum
254 641 435 697 partium
471 650 511 683 et
541 648 652 683 esset
681 647 722 682 et
752 641 1068 691 existimaretur,
1105 656 1239 696 neque
1270 648 1407 683 tamen
1439 658 1483 684 se

128 702 317 745 civilibus
336 702 529 744 fluctibus
549 703 833 753 committeret,
859 703 971 757 quod
995 718 1077 744 non
1096 703 1229 759 magis
1250 718 1321 746 eos
1346 704 1389 745 in
1409 719 1484 746 sua

126 771 330 820 potestate
349 765 612 807 existimabat
636 780 742 815 esse,
768 765 839 819 qui
864 780 908 806 sc
933 765 997 806 his
1017 765 1241 816 dedissent,
1267 780 1391 820 quam
1412 768 1483 820 qui

126 827 342 869 maritimis
366 827 625 868 iactarentur.
662 827 839 868 honores
858 841 940 868 non
964 827 1093 881 petiit,
1120 841 1214 868 cum
1233 827 1270 869 ei
1294 834 1481 883 paterent

127 896 294 943 propter
317 888 383 930 vel
406 889 582 944 gratiam
602 888 667 929 vel
685 888 940 944 dignitatem,
967 889 1079 941 quod
1102 903 1235 942 neque
1260 890 1345 944 peti
1368 905 1481 931 more

126 950 327 991 maiorum
358 965 490 1004 neque
522 950 614 1005 capi
648 956 819 1005 possent
849 950 1102 992 conservatis
1131 950 1294 1006 legibus
1324 952 1367 992 in
1397 959 1481 993 tam

126 1011 248 1053 effusi
283 1011 462 1053 ambitus
496 1011 803 1066 largitionibus,
840 1025 974 1065 neque
1012 1010 1138 1067 [geri]
1178 1027 1199 1053 e
1234 1027 1279 1053 re
1315 1012 1482 1068 publica

1507 843 1525 871 [Ο

125 1073 213 1114 sine
242 1073 424 1127 periculo
455 1073 656 1127 corruptis
687 1073 864 1114 civitatis
890 1072 1086 1114 moribus.
1129 1073 1182 1114 ad
1211 1073 1375 1115 hastam
1403 1089 1480 1130 pu-
1506 1089 1524 1115 :x

125 1134 273 1174 blicam
298 1148 525 1187 numquam
549 1134 736 1176 accessit.
774 1134 926 1175 nullius
957 1133 1016 1175 rei
1040 1148 1175 1188 neque
1198 1149 1319 1189 praes
1344 1151 1480 1189 neque

124 1209 318 1249 manceps
355 1195 490 1236 factus
527 1202 601 1237 est.
649 1195 855 1237 neminem
886 1210 1019 1249 neque
1051 1211 1127 1237 suo
1157 1197 1322 1238 nomine
1347 1212 1479 1251 neque

124 1255 387 1298 subscribens
413 1258 641 1308 accusavit3
673 1257 715 1299 in
738 1257 802 1298 ius
828 1257 879 1299 de
905 1272 980 1298 sua
1002 1272 1047 1298 re
1071 1272 1299 1312 numquam
1323 1259 1387 1309 iit;
1418 1260 1481 1300 iu-

123 1318 276 1359 dicium
299 1319 458 1360 nullum
482 1319 638 1361 habuit.
674 1319 896 1360 multorum
922 1319 1137 1360 consulum
1162 1329 1478 1375 praetorumque

122 1380 400 1435 praefecturas
432 1381 589 1423 delatas
622 1382 680 1423 sic
716 1382 891 1436 accepit,
930 1388 975 1422 ut
1004 1381 1210 1422 neminem
1240 1382 1283 1422 in
1312 1384 1479 1437 provin-

122 1442 228 1483 ciam
260 1443 312 1484 sit
343 1449 528 1493 secutus,
564 1443 718 1485 honore
749 1443 872 1485 fuerit
902 1450 1132 1492 contentus,
1168 1443 1228 1484 rei
1264 1443 1476 1485 familiaris

121 1504 356 1559 despexerit
380 1505 578 1546 fructum:
610 1505 681 1559 qui
705 1520 756 1546 ne
787 1520 881 1546 cum
908 1504 960 1558 Ω.
988 1505 1154 1558 quidem
1181 1504 1381 1547 Cicerone
1406 1521 1478 1547 vo-

121 1565 242 1607 luerit
266 1566 323 1607 ire
348 1567 390 1607 in
415 1566 576 1616 Asiam,
604 1581 699 1608 cum
723 1567 834 1622 apud
860 1582 954 1607 eum
978 1567 1106 1622 legati
1128 1567 1266 1609 locum
1292 1567 1476 1610 obtinere

121 1635 274 1682 posset.
313 1644 395 1670 non
420 1629 529 1670 enim
554 1629 699 1670 decere
731 1644 775 1670 se
800 1628 1090 1678 arbitrabatur,
1123 1643 1217 1670 cum
1241 1636 1476 1684 praeturam

121 1704 263 1744 gerere
293 1691 511 1741 noluisset,
544 1691 746 1732 asseclam
777 1705 868 1732 esse
898 1691 1111 1745 praetoris.
1155 1706 1237 1744 qua
1260 1692 1302 1732 in
1326 1707 1369 1732 re
1394 1708 1476 1733 non

122 1751 256 1792 solum
292 1753 482 1808 dignitati
518 1752 740 1803 serviebat,
779 1753 852 1794 sed
888 1753 1012 1794 etiam
1048 1753 1342 1805 tranquillitati,
1381 1768 1475 1794 cum

120 1813 376 1867 suspiciones
408 1829 571 1868 quoque
597 1815 743 1855 vitaret
768 1814 996 1856 criminum.
1040 1828 1122 1868 quo
1147 1813 1289 1864 fiebat,
1316 1821 1362 1855 ut
1386 1815 1474 1856 eius

117 1873 379 1916 observantia
411 1876 601 1918 omnibus
634 1883 743 1917 esset
774 1876 923 1926 carior,
957 1890 1051 1916 cum
1083 1890 1173 1917 eam
1198 1876 1354 1927 officio,
1392 1893 1472 1918 non

119 1936 254 1977 timori
278 1951 411 1990 neque
437 1937 526 1992 spei
551 1938 674 1979 tribui
698 1938 895 1979 viderent.

185 1998 284 2039 VII.
328 1999 479 2040 Incidit
506 1999 804 2041 Caesarianum
836 1999 955 2040 civile
980 1999 1152 2049 bellum,
1185 2014 1279 2040 cum
1305 1999 1473 2041 haberet

117 2074 247 2101 annos
273 2061 433 2102 circiter
457 2062 684 2117 sexaginta.
722 2076 824 2102 usus
851 2068 914 2102 est
940 2061 1085 2102 aetatis
1105 2061 1319 2102 vacatione
1338 2076 1473 2115 neque

117 2136 162 2162 se
180 2136 386 2176 quoquam
406 2123 534 2164 movit
554 2138 605 2164 ex
629 2123 742 2164 urbe.
781 2137 886 2177 quae
912 2123 1055 2164 amicis
1082 2123 1168 2164 suis
1188 2138 1292 2178 opus
1311 2123 1474 2164 fuerant

116 2183 169 2224 ad
193 2183 440 2239 Pompeium
464 2185 836 2240 proficiscentibus,
869 2185 1007 2227 omnia
1032 2200 1082 2226 ex
1109 2201 1183 2227 sua
1211 2200 1256 2226 re
1280 2185 1472 2226 familiari

116 2245 245 2295 dedit3
282 2246 419 2300 ipsum
443 2246 691 2301 Pompeium
727 2248 991 2288 coniunctum
1027 2263 1111 2288 non
1147 2247 1330 2289 offendit.
1382 2247 1472 2287 nul-

116 2306 201 2346 lum
232 2306 283 2348 ab
310 2322 357 2348 co
382 2308 561 2349 habebat
586 2316 889 2358 ornamentum,
922 2316 968 2350 ut
999 2310 1141 2359 ceteri,
1174 2310 1243 2363 qui
1273 2324 1347 2363 per
1376 2323 1470 2349 cum

116 2375 187 2409 aut
221 2368 397 2410 honores
435 2376 503 2410 aut
541 2370 705 2411 divitias
743 2378 952 2424 ceperant3
990 2386 1164 2425 quorum
1194 2371 1343 2425 partim
1367 2369 1471 2410 invi-

116 2430 264 2471 tissimi
289 2438 425 2472 castra
451 2439 546 2472 sunt
571 2431 719 2481 secuti,
745 2432 894 2486 partim
920 2447 1082 2474 summa
1107 2447 1201 2474 cum
1226 2432 1314 2473 eius
1339 2431 1470 2472 offen-

117 2492 230 2533 sione
267 2493 377 2533 domi
417 2500 714 2535 remanserunt.
761 2493 892 2535 Attici
927 2500 1064 2535 autem
1100 2495 1217 2547 quies
1259 2500 1469 2547 tantopere

117 2554 288 2595 Caesari
324 2555 401 2596 suit
431 2564 566 2610 grata,
598 2563 644 2597 ut
672 2556 820 2605 victor,
858 2571 951 2597 cum
981 2556 1151 2610 privatis
1175 2556 1372 2610 pecunias
1396 2570 1470 2610 per

115 2616 309 2670 epistolas
346 2617 584 2672 imperaret,
628 2617 725 2659 huic
760 2626 841 2659 non
880 2617 1013 2658 solum
1050 2617 1248 2658 molestus
1284 2632 1367 2657 non
1403 2617 1469 2657 fu-

115 2678 206 2728 crit,
242 2679 314 2719 scd
346 2679 468 2720 ctiam
502 2680 651 2721 sororis
684 2679 812 2720 filium
845 2686 882 2720 ct
911 2679 962 2731 Q.
991 2678 1235 2721 Ciceronem
1266 2693 1317 2720 ex
1341 2678 1468 2720 Pom-

1504 1336 1523 1363 >1

1497 2262 1515 2289 ΚΦ
