1741 3184
643 228 897 264 DATAMES.
1387 218 1443 258 45

95 307 317 348 exercitum
343 305 489 353 educit,
510 302 871 344 Metrobarzanem
895 303 1153 358 persequitur
1171 308 1347 352 tantum3
1373 302 1442 355 qui

94 384 187 409 cum
218 369 271 409 ad
300 368 437 408 hostes
476 373 735 419 pervenerat,
765 364 967 405 Datames
1000 365 1120 419 signa
1148 364 1288 405 inferri
1317 363 1441 405 iubet.

92 429 259 470 Pisidae
283 443 390 469 nova
413 441 456 467 re
476 425 669 467 commoti
692 425 735 465 in
752 425 987 478 opinionem
1011 426 1280 475 adducuntur,
1305 425 1444 480 perfu-

92 507 168 546 gas
193 490 300 531 mala
323 489 404 529 fide
435 488 744 542 compositoque
769 486 932 535 fecisse,
963 493 1009 526 ut
1033 487 1184 540 recepti
1212 487 1356 528 maiori
1381 502 1444 527 es-

93 558 183 593 sent
220 549 453 591 calamitati.
501 549 680 604 primum
710 563 780 589 eos
812 547 1062 588 adoriuntur.
1110 547 1169 587 illi
1194 562 1306 597 eum,
1344 549 1441 600 quid

92 619 280 668 ageretur
305 620 374 653 aut
398 626 524 665 quare
548 612 680 660 fieret,
707 611 960 666 ignorarent,
992 610 1121 650 coacti
1148 615 1242 650 sunt
1268 625 1359 650 eum
1386 611 1444 650 eis

91 689 296 730 pugnare,
329 674 381 714 ad
405 688 509 726 quos
535 673 796 722 transierant,
832 671 883 713 ab
908 672 1041 725 iisque
1068 678 1192 721 stare,
1225 686 1328 725 quos
1353 672 1445 712 reli--

91 744 274 789 querant.
312 735 462 788 quibus
489 749 583 775 cum
607 734 741 775 neutri
764 739 995 788 parcerent,
1022 733 1207 774 celeriter
1231 739 1326 773 sunt
1350 747 1445 774 con-

93 798 178 838 cisi.
215 797 393 850 reliquos
418 796 583 838 Pisidas
614 796 849 837 resistentes
874 795 1076 836 Datames
1107 795 1281 844 invadit,
1313 795 1444 849 primo

92 860 248 914 impetu
272 859 403 913 pellit,
435 859 641 914 fugientes
666 858 941 913 persequitur,
968 857 1117 897 multos
1142 856 1348 905 interficit,
1381 871 1447 897 ca-

94 928 178 961 stra
202 920 382 961 hostium
407 920 527 974 capit.
566 920 637 960 tali
662 920 833 960 consilio
851 934 933 959 uno
958 925 1140 972 tempore
1159 925 1199 958 et
1216 918 1444 972 proditores

92 983 265 1036 perculit
290 988 329 1023 et
353 982 491 1023 hostes
516 982 763 1036 profligavit,
790 987 842 1030 et,
869 981 980 1033 quod
1005 981 1057 1020 ad
1080 980 1303 1034 perniciem
1328 995 1445 1020 suam

94 1045 229 1084 suerat
253 1044 490 1098 cogitatum,
516 1043 560 1084 id
579 1044 631 1084 ad
656 1043 829 1084 salutem
855 1041 1065 1082 convertit.
1098 1055 1179 1093 quo
1198 1055 1331 1093 neque
1350 1055 1446 1080 acu-

94 1106 174 1146 tius
205 1105 327 1145 ullius
364 1105 620 1158 imperatoris
658 1104 883 1158 cogitatum
918 1117 1051 1156 neque
1083 1102 1253 1143 celerius
1291 1102 1446 1143 factum

95 1181 268 1219 usquam
291 1167 481 1221 legimus.

159 1227 258 1269 VH.
296 1227 366 1269 Ab
391 1228 471 1269 hoc
496 1236 633 1269 tamen
658 1228 745 1269 viro
773 1227 967 1282 Sysinas,
993 1227 1173 1267 maximo
1199 1232 1298 1267 natu
1321 1226 1443 1275 filius,

92 1290 237 1330 desciit
260 1290 312 1331 ad
336 1304 558 1345 regemque
572 1290 732 1331 transiit
757 1290 860 1331 etde
879 1289 1109 1330 defectione
1133 1288 1260 1343 patris
1287 1288 1444 1329 detulit.

92 1366 174 1404 quo
198 1351 341 1392 nuntio
370 1351 627 1393 Artaxerxes
660 1357 908 1399 commotus,
941 1351 1051 1403 quod
1081 1349 1336 1404 intelligebat
1368 1350 1445 1390 sibi

94 1428 188 1453 cum
213 1412 300 1454 viro
331 1413 427 1454 forti
457 1428 505 1454 ac
531 1420 697 1454 strenuo
722 1413 935 1467 negotium
961 1426 1065 1461 esse,
1098 1412 1180 1464 qui,
1214 1426 1307 1452 cum
1334 1412 1446 1465 cogi-

94 1480 238 1523 tasset,
271 1474 406 1515 facere
432 1475 601 1515 auderet
624 1480 665 1515 et
687 1474 801 1529 prius
828 1474 1008 1528 cogitare
1033 1488 1156 1526 quam
1182 1472 1320 1514 conari
1351 1487 1447 1513 con-

94 1543 272 1585 suesset,
304 1536 661 1591 Autophradatem
691 1536 734 1577 in
767 1535 1075 1590 Cappadociam
1111 1535 1245 1575 mittit.
1293 1535 1360 1575 hic
1395 1550 1445 1575 ne

93 1598 241 1638 intrare
271 1605 429 1653 posset,
463 1599 629 1648 saltum,
661 1598 702 1638 in
728 1613 809 1651 quo
836 1597 1006 1638 Ciliciae
1037 1603 1179 1651 portae
1211 1602 1306 1637 sunt
1331 1597 1444 1645 sitae,

93 1658 294 1700 Datames
313 1674 614 1715 praeoccupare
634 1660 801 1700 studuit.
840 1660 913 1700 sed
932 1666 1015 1699 tam
1036 1659 1172 1700 subito
1192 1659 1330 1712 copias
1351 1673 1447 1698 con-

93 1721 251 1761 trahere
277 1736 358 1762 non
376 1722 520 1776 potuit.
559 1737 583 1762 a
601 1736 683 1774 qua
701 1736 743 1762 re
763 1721 960 1775 depulsus
980 1735 1073 1760 cum
1093 1735 1140 1760 ea
1159 1735 1296 1768 manu,
1322 1734 1446 1772 quam

94 1790 361 1833 contraxerat,
387 1784 525 1824 locum
545 1784 687 1838 deligit
713 1783 848 1832 talem,
875 1789 920 1823 ut
938 1796 1071 1835 neque
1097 1781 1376 1822 circumiretur
1395 1781 1446 1822 ab

92 1845 299 1894 hostibus,
330 1860 464 1898 neque
493 1845 732 1900 praeteriret
762 1844 1042 1892 adversarius,
1075 1843 1175 1896 quin
1200 1843 1446 1897 ancipitibus

91 1906 191 1947 locis
217 1914 479 1961 premeretur,
507 1914 558 1956 et,
586 1908 620 1948 si
645 1907 838 1947 dimicare
860 1905 992 1961 [cum]
1015 1920 1062 1946 eo
1081 1905 1215 1953 vellet,
1242 1920 1324 1949 non
1343 1905 1448 1944 mul-

93 1975 179 2008 tum
205 1968 351 2009 obesse
377 1969 595 2009 multitudo
621 1968 803 2009 hostium
829 1983 928 2008 suae
952 1967 1149 2021 paucitati
1173 1973 1326 2021 posset.

161 2029 284 2070 VIII.
322 2030 441 2071 Haeo
467 2031 544 2071 etsi
567 2030 905 2084 Autophradates
931 2028 1109 2077 videbat,
1142 2035 1279 2068 tamen
1305 2028 1445 2068 statuit

94 2092 289 2146 congredi
308 2107 432 2145 quam
452 2107 545 2132 eum
571 2092 694 2132 tantis
716 2092 844 2146 copiis
869 2090 1058 2145 refugere
1078 2096 1148 2130 aut
1173 2096 1256 2130 tam
1276 2089 1346 2129 diu
1365 2104 1446 2129 uno

92 2151 181 2193 loco
213 2153 366 2194 sedere.
412 2154 590 2195 habebat
621 2153 887 2195 barbarorum
918 2153 1101 2206 equitum
1131 2152 1296 2206 viginti,
1333 2151 1448 2206 pedi-

93 2222 180 2254 tum
205 2222 369 2255 centum
394 2217 518 2265 milia,
545 2230 649 2268 quos
674 2216 732 2256 illi
760 2215 969 2256 Cardacas
996 2214 1215 2268 appellant,
1243 2213 1447 2254 eiusdem-

93 2289 172 2327 que
202 2277 363 2330 generis
396 2278 472 2317 tria
499 2276 649 2331 [milia]
677 2277 951 2326 funditorum;
989 2282 1202 2330 praeterea
1228 2274 1446 2328 Cappado-

95 2349 187 2375 cum
212 2343 303 2376 octo
331 2335 495 2391 [milia],
523 2337 816 2378 Armeniorum
848 2338 991 2378 decem
1019 2335 1182 2391 [milia],
1209 2336 1445 2390 Paphlago-

94 2411 193 2437 num
218 2397 395 2450 quinque
424 2397 594 2452 [milia],
620 2399 838 2452 Phrygum
863 2399 1006 2438 decem
1034 2397 1203 2452 [milia],
1229 2398 1445 2451 Lydorum

94 2459 274 2511 quinque
308 2459 477 2514 [milia],
511 2459 821 2514 Aspendiorum
852 2466 891 2499 et
914 2460 1150 2499 Pisidarum
1182 2459 1341 2499 circiter
1370 2458 1446 2497 tria

97 2518 266 2574 [milia],
295 2520 472 2560 Cilicum
504 2521 604 2570 (luo,
639 2520 935 2575 Captianorum
966 2521 1154 2568 totidem,
1187 2534 1238 2559 cx
1270 2518 1446 2560 Graecia

94 2581 389 2622 conductorum
421 2582 513 2630 tria,
550 2582 652 2622 levis
690 2588 918 2633 armaturae
954 2581 1180 2621 maximum
1215 2594 1443 2620 numerum.

93 2643 167 2684 has
194 2644 393 2684 advorsus
420 2644 558 2697 copias
585 2658 679 2698 spes
706 2643 838 2684 omnis
865 2642 1116 2683 consistebat
1139 2641 1309 2682 Datami
1334 2641 1375 2681 in
1401 2656 1444 2681 sc
1481 2670 1489 2683 ‚

93 2704 253 2758 locique
280 2715 442 2745 natura:
469 2719 646 2758 namque
672 2705 793 2745 huius
819 2711 978 2758 partem
1003 2719 1086 2744 non
1104 2703 1281 2744 habebat
1301 2703 1445 2743 vicesi-

1471 441 1488 468 u·

1473 810 1488 837 ⁸]

1472 1544 1489 1572 10

1473 2160 1490 2187 10

1472 2656 1487 2667 o

1471 2675 1477 2683 ι
