1788 3200
257 314 274 341 ‘2

258 434 276 462 3

257 618 277 646 4

263 1294 282 1323 ¹0

269 2469 286 2496 tc

271 2714 289 2742 3

301 215 355 255 48
740 217 982 252 CORNELII
1002 216 1216 252 NEPOTIS

302 307 377 338 tur.
416 295 567 336 seimus
594 293 714 342 enim,
740 293 926 334 musicen
949 293 1099 335 nostris
1123 292 1306 334 moribus
1332 291 1478 333 abesse
1498 307 1521 333 a
1546 293 1654 347 prin-

302 359 403 412 cipis
424 371 613 411 persona,
640 355 788 396 saltare
807 370 905 396 vero
925 356 1045 396 etiam
1066 356 1107 396 in
1120 355 1228 396 vitiis
1252 354 1368 409 poni:
1395 369 1501 407 quae
1519 354 1655 395 omnia

303 419 414 474 apud
440 417 623 460 Graecos
650 424 689 458 et
713 425 831 473 grata
855 425 895 458 01
919 417 1040 458 laude
1066 418 1192 472 digna
1217 417 1432 457 ducuntur.
1466 431 1560 457 011111
1585 432 1657 457 au-

303 488 385 521 tem
417 480 644 535 exprimere
675 479 897 534 imaginem
929 479 1238 520 consuetudinis
1270 485 1392 532 atque
1423 479 1531 519 vitae
1556 478 1656 518 veli-

303 559 395 584 mus
427 542 760 597 Epaminondae,
797 542 898 581 nihil
923 542 1110 582 videmur
1140 541 1290 582 debere
1320 541 1655 595 praetermittere,

303 605 414 659 quod
444 604 643 659 pertineat
674 604 726 644 ad
752 618 841 643 eam
867 603 1167 643 declarandam.
1205 617 1331 655 quare
1362 603 1545 643 dicemus
1576 601 1658 655 pri-

302 682 415 707 mum
443 667 492 707 de
517 680 667 720 genere
693 665 801 714 cins3
840 665 999 712 deinde,
1027 664 1177 717 quibus
1204 664 1431 718 disciplinis
1458 671 1497 705 et
1522 680 1545 704 a
1570 663 1658 716 qui-

303 729 380 769 bus
408 728 460 768 sit
485 727 668 767 eruditus
678 742 688 774 3
721 733 807 765 tum
833 726 883 765 de
909 725 1092 766 moribus
1117 725 1353 780 ingeniique
1378 725 1656 772 facultatibus,

304 796 344 830 et
374 789 408 830 si
439 804 520 842 qua
549 788 629 828 alia
658 787 856 827 memoria
886 787 1012 841 digna
1043 796 1180 836 erunt3
1216 794 1424 840 postremo
1455 788 1506 827 de
1535 787 1658 827 rebus

303 851 444 906 ς9105115,
471 864 576 903 quae
602 865 626 890 a
649 848 835 903 plurimis
862 848 1044 888 omnium
1070 854 1373 902 anteponuntur
1396 847 1629 888 virtutibus.

372 912 429 953 II.
467 911 599 952 Natus
630 910 755 965 igitur
784 916 918 964 patre,
952 924 1033 962 quo
1065 909 1264 958 diximus,
1296 924 1446 965 genere
1472 910 1658 957 honesto,

306 988 462 1029 pauper
491 974 573 1013 iam
605 988 629 1013 a
654 971 877 1012 maioribus
910 971 1094 1020 relictus,
1133 972 1316 1012 eruditus
1343 978 1480 1012 autem
1507 971 1584 1020 sic,
1616 977 1660 1011 111

307 1050 428 1077 nemo
455 1035 679 1076 Thebanus
705 1033 851 1088 magis.
891 1049 985 1074 nam
1018 1043 1056 1073 et
1082 1033 1322 1074 citharizare
1348 1039 1388 1074 et
1419 1040 1583 1074 cantare
1609 1033 1660 1073 ad

307 1098 553 1138 chordarum
579 1111 726 1137 sonum
751 1096 896 1135 doetus
923 1101 985 1135 est
1010 1110 1034 1135 a
1057 1094 1275 1149 DionysiQ
1303 1095 1373 1148 qui
1397 1111 1479 1136 non
1504 1095 1660 1135 minore

307 1160 385 1200 fuit
415 1160 456 1199 in
488 1158 655 1199 musicis
687 1158 818 1212 gloria
854 1172 978 1210 quam
1002 1156 1173 1197 Damon
1203 1163 1273 1197 aut
1297 1157 1527 1211 Lamprus,
1560 1171 1661 1209 quo-

306 1237 396 1262 rum
428 1221 669 1276 pervulgata
695 1226 790 1260 sunt
814 1219 999 1268 nomina3
1032 1226 1195 1259 cantare
1226 1218 1336 1259 tibiis
1363 1218 1414 1259 ab
1443 1217 1660 1273 Olympio-

308 1284 420 1331 doro,
449 1283 596 1323 saltare
622 1298 645 1322 a
661 1281 938 1335 Calliphrone.
977 1288 1017 1321 at
1041 1280 1326 1334 philosophiae
1351 1287 1659 1334 praeceptorem

306 1346 449 1386 habuit
474 1344 623 1398 Lysim
649 1343 936 1391 Tarentinum,
963 1342 1291 1397 Pythagoreum,
1319 1342 1385 1382 eui
1409 1342 1577 1395 quidem
1604 1342 1661 1382 sic

307 1407 385 1447 fuit
403 1406 578 1454 deditus,
606 1411 650 1445 ut
669 1404 909 1446 adolescens
930 1404 1087 1444 tristem
1101 1419 1148 1444 ac
1164 1419 1353 1444 severum
1373 1418 1513 1444 senem
1533 1404 1663 1445 onmi-

308 1468 386 1509 bus
412 1467 653 1520 aequalibus
692 1467 777 1507 suis
809 1467 852 1506 in
887 1466 1163 1506 familiaritate
1195 1466 1492 1520 anteposuerit,
1528 1480 1661 1519 neque

307 1530 421 1584 prius
443 1544 535 1570 eum
550 1545 574 1569 a
593 1544 636 1569 se
656 1528 867 1576 dimiserit,
895 1542 1019 1581 quam
1038 1528 1079 1567 in
1098 1527 1292 1568 doctrinis
1312 1534 1423 1568 tanto
1444 1527 1663 1568 antecessit

309 1591 627 1646 condiscipulos,
648 1598 692 1631 ut
707 1591 827 1632 facilc
841 1591 1014 1646 intelligi
1033 1597 1185 1645 posset,
1206 1591 1294 1644 pari
1308 1591 1430 1631 modo
1451 1597 1664 1645 superatu-

309 1670 399 1695 rum
419 1668 561 1694 omnes
587 1653 629 1693 in
649 1653 793 1693 ceteris
814 1652 982 1693 artibus.
1021 1660 1143 1705 atque
1168 1652 1270 1693 haee
1295 1652 1348 1692 ad
1373 1658 1552 1693 nostram
1568 1667 1663 1693 eon-

311 1716 569 1757 suetudinem
584 1721 678 1755 sunt
697 1715 803 1755 levia
822 1721 861 1754 et
879 1714 1016 1768 potius
1031 1715 1329 1755 contemnenda
1337 1730 1347 1764 3
1374 1721 1415 1755 at
1432 1714 1474 1754 in
1489 1713 1665 1755 Graecia

310 1778 451 1830 utique
482 1777 579 1817 olim
610 1791 787 1831 magnae
818 1776 930 1816 laudi
961 1782 1087 1816 erant.
1134 1782 1355 1830 postquam
1387 1776 1570 1830 ephebus
1603 1783 1665 1817 est

310 1839 444 1879 faetus
471 1846 511 1878 et
536 1837 764 1892 palaestrae
791 1838 887 1878 dare
913 1852 1081 1891 operam
1113 1838 1257 1891 coepit,
1290 1852 1371 1878 non
1397 1844 1479 1878 tam
1506 1839 1665 1892 magni-

311 1902 441 1943 tudini
460 1901 608 1941 virium
629 1900 796 1941 servivit
814 1915 938 1953 quam
958 1900 1175 1940 velocitati.
1207 1899 1317 1939 illam
1338 1900 1446 1939 enim
1466 1900 1517 1940 ad
1538 1899 1665 1940 athle-

311 1972 444 2005 tarum
463 1978 598 2012 usum,
625 1963 731 2003 hane
751 1963 804 2003 ad
823 1962 919 2003 belli
938 1961 1199 2002 existimabat
1214 1961 1429 2001 utilitatem
1448 1961 1663 2015 pertinere.

311 2027 448 2079 itaque
469 2025 735 2066 exercebatur
748 2025 980 2079 ‚plurimum
1001 2024 1200 2064 currendo
1226 2030 1265 2063 et
1289 2023 1481 2063 luctando
1501 2024 1553 2064 ad
1572 2038 1665 2064 eum

311 2088 447 2136 finem,
474 2088 612 2140 quoad
637 2095 750 2128 stans
777 2086 993 2141 complecti
1017 2093 1159 2140 posset
1184 2092 1306 2138 atque
1333 2087 1592 2127 contendere.
1625 2086 1666 2126 in

312 2150 435 2191 armis
462 2164 557 2190 vero
582 2149 804 2203 plurimum
831 2149 955 2189 studii
981 2148 1261 2189 consumebat.

380 2211 460 2252 III.
510 2211 580 2252 Ad
611 2212 715 2252 hanc
748 2211 928 2265 corporis
960 2211 1193 2251 firmitatem
1230 2210 1347 2265 plura
1383 2211 1505 2252 etiam
1543 2211 1666 2251 animi

313 2274 421 2315 bona
451 2282 720 2314 accesserant.
765 2280 851 2313 erat
881 2273 991 2313 enim
1021 2273 1251 2321 modestus,
1283 2273 1482 2326 prudens,
1515 2273 1665 2327 gravis,

313 2335 567 2390 temporibus
606 2335 810 2389 sapienter
847 2342 986 2384 utcns3
1028 2335 1184 2389 peritus
1223 2334 1337 2383 belli,
1377 2335 1492 2375 fortis
1532 2350 1666 2383 manu,

313 2398 449 2438 animo
470 2398 668 2446 maximo3
695 2397 798 2437 adeo
826 2397 1005 2437 veritatis
1033 2397 1221 2451 diligens,
1249 2403 1292 2436 ut
1318 2411 1368 2437 ne
1394 2397 1482 2438 ioco
1502 2397 1668 2449 quidem

314 2460 563 2499 mentiretur.
602 2459 711 2499 idem
737 2459 963 2507 continens,
991 2459 1170 2499 clemens
1196 2459 1439 2513 patiensque
1466 2459 1670 2499 admiran-

313 2521 410 2560 dum
442 2521 482 2561 in
515 2521 701 2569 modum,
734 2536 816 2560 non
847 2520 979 2560 solum
1005 2520 1164 2574 populi,
1198 2521 1271 2561 sed
1296 2520 1419 2560 etiam
1445 2520 1669 2560 amicorum

315 2584 449 2623 serens
476 2583 662 2632 iniurias3
694 2583 879 2636 inprimis
906 2583 1128 2623 commissa
1153 2582 1303 2631 celans,
1330 2582 1441 2635 quod
1465 2582 1666 2622 interdum

314 2659 394 2683 non
410 2644 542 2684 minus
564 2645 731 2698 prodest
744 2659 867 2697 quam
881 2644 1031 2685 diserte
1046 2645 1199 2693 dicere3
1227 2644 1435 2684 studiosus
1457 2642 1666 2683 audiendi:

316 2720 364 2744 ex
398 2705 472 2745 hoc
505 2706 611 2745 enim
644 2706 837 2746 facillime
869 2705 971 2746 disci
1003 2705 1287 2746 arbitrabatur.
1332 2705 1470 2757 itaque
1502 2718 1593 2744 eum
1627 2703 1689 2743 1114
