<?xml version="1.0" encoding="UTF-8"?>
<!DOCTYPE html PUBLIC "-//W3C//DTD XHTML 1.0 Transitional//EN"
    "http://www.w3.org/TR/xhtml1/DTD/xhtml1-transitional.dtd">
<html xmlns="http://www.w3.org/1999/xhtml" xml:lang="en" lang="en">
 <head>
  <title>
</title>
<meta http-equiv="Content-Type" content="text/html;charset=utf-8" />
  <meta name='ocr-system' content='tesseract 3.04.00' />
  <meta name='ocr-capabilities' content='ocr_page ocr_carea ocr_par ocr_line ocrx_word'/>
</head>
<body>
  <div class='ocr_page' id='page_1' title='image "./vitaeetfragmenta00nepouoft_0055.png"; bbox 0 0 1741 3184; ppageno 0'>
   <div class='ocr_carea' id='block_1_1' title="bbox 696 185 1438 227">
    <p class='ocr_par' dir='ltr' id='par_1_1' title="bbox 696 185 1438 227">
     <span class='ocr_line' id='line_1_1' title="bbox 696 185 1438 227; baseline 0 -2"><span class='ocrx_word' id='word_1_1' title='bbox 696 192 833 227; x_wconf 85' lang='lat' dir='ltr'>DION.</span> <span class='ocrx_word' id='word_1_2' title='bbox 1384 185 1438 226; x_wconf 71' lang='lat'>33</span> 
     </span>
    </p>
   </div>
   <div class='ocr_carea' id='block_1_2' title="bbox 26 265 1440 2771">
    <p class='ocr_par' dir='ltr' id='par_1_2' title="bbox 83 265 1440 689">
     <span class='ocr_line' id='line_1_2' title="bbox 88 265 1438 323; baseline 0.003 -17"><span class='ocrx_word' id='word_1_3' title='bbox 88 265 297 309; x_wconf 87' lang='lat' dir='ltr'>hominem</span> <span class='ocrx_word' id='word_1_4' title='bbox 322 266 498 307; x_wconf 87' lang='lat' dir='ltr'>amicum</span> <span class='ocrx_word' id='word_1_5' title='bbox 525 280 607 305; x_wconf 91' lang='lat' dir='ltr'>non</span> <span class='ocrx_word' id='word_1_6' title='bbox 632 266 764 320; x_wconf 81' lang='lat' dir='ltr'>magis</span> <span class='ocrx_word' id='word_1_7' title='bbox 791 273 964 320; x_wconf 77' lang='lat' dir='ltr'>tyranno</span> <span class='ocrx_word' id='word_1_8' title='bbox 989 282 1112 320; x_wconf 88' lang='lat' dir='ltr'>quam</span> <span class='ocrx_word' id='word_1_9' title='bbox 1138 269 1333 323; x_wconf 86' lang='lat' dir='ltr'>tyrannis.</span> <span class='ocrx_word' id='word_1_10' title='bbox 1366 270 1438 310; x_wconf 91' lang='lat' dir='ltr'>sed</span> 
     </span>
     <span class='ocr_line' id='line_1_3' title="bbox 87 328 1437 384; baseline 0.002 -15"><span class='ocrx_word' id='word_1_11' title='bbox 87 329 138 370; x_wconf 89' lang='lat' dir='ltr'>de</span> <span class='ocrx_word' id='word_1_12' title='bbox 163 329 242 371; x_wconf 91' lang='lat' dir='ltr'>hoc</span> <span class='ocrx_word' id='word_1_13' title='bbox 266 330 308 370; x_wconf 92' lang='lat' dir='ltr'>in</span> <span class='ocrx_word' id='word_1_14' title='bbox 333 343 381 370; x_wconf 92' lang='lat' dir='ltr'>eo</span> <span class='ocrx_word' id='word_1_15' title='bbox 405 328 509 369; x_wconf 89' lang='lat' dir='ltr'>libro</span> <span class='ocrx_word' id='word_1_16' title='bbox 539 328 658 382; x_wconf 86' lang='lat' dir='ltr'>plura</span> <span class='ocrx_word' id='word_1_17' title='bbox 688 336 784 367; x_wconf 92' lang='lat' dir='ltr'>sunt</span> <span class='ocrx_word' id='word_1_18' title='bbox 815 330 1019 382; x_wconf 84' lang='lat' dir='ltr'>exposita,</span> <span class='ocrx_word' id='word_1_19' title='bbox 1052 331 1122 384; x_wconf 90' lang='lat' dir='ltr'>qui</span> <span class='ocrx_word' id='word_1_20' title='bbox 1152 332 1203 372; x_wconf 89' lang='lat' dir='ltr'>de</span> <span class='ocrx_word' id='word_1_21' title='bbox 1234 331 1437 372; x_wconf 82' lang='lat' dir='ltr'>historicis</span> 
     </span>
     <span class='ocr_line' id='line_1_4' title="bbox 88 388 1439 447; baseline 0.001 -15"><span class='ocrx_word' id='word_1_22' title='bbox 88 389 259 432; x_wconf 86' lang='lat' dir='ltr'>Graecis</span> <span class='ocrx_word' id='word_1_23' title='bbox 291 390 546 443; x_wconf 83' lang='lat' dir='ltr'>conscriptus</span> <span class='ocrx_word' id='word_1_24' title='bbox 578 395 652 430; x_wconf 90' lang='lat' dir='ltr'>est.</span> <span class='ocrx_word' id='word_1_25' title='bbox 690 388 812 429; x_wconf 80' lang='lat' dir='ltr'>Plato</span> <span class='ocrx_word' id='word_1_26' title='bbox 843 396 980 430; x_wconf 89' lang='lat' dir='ltr'>autem</span> <span class='ocrx_word' id='word_1_27' title='bbox 1011 398 1169 432; x_wconf 89' lang='lat' dir='ltr'>tantum</span> <span class='ocrx_word' id='word_1_28' title='bbox 1201 394 1310 447; x_wconf 86' lang='lat' dir='ltr'>apud</span> <span class='ocrx_word' id='word_1_29' title='bbox 1335 393 1439 434; x_wconf 86' lang='lat' dir='ltr'>Dio-</span> 
     </span>
     <span class='ocr_line' id='line_1_5' title="bbox 85 450 1440 509; baseline 0.002 -17"><span class='ocrx_word' id='word_1_30' title='bbox 85 453 250 506; x_wconf 88' lang='lat' dir='ltr'>nysium</span> <span class='ocrx_word' id='word_1_31' title='bbox 275 451 513 492; x_wconf 87' lang='lat' dir='ltr'>auctoritate</span> <span class='ocrx_word' id='word_1_32' title='bbox 543 450 675 504; x_wconf 87' lang='lat' dir='ltr'>potuit</span> <span class='ocrx_word' id='word_1_33' title='bbox 700 450 908 503; x_wconf 72' lang='lat' dir='ltr'>valuitque</span> <span class='ocrx_word' id='word_1_34' title='bbox 939 451 1187 504; x_wconf 78' lang='lat' dir='ltr'>eloquentia,</span> <span class='ocrx_word' id='word_1_35' title='bbox 1219 461 1262 494; x_wconf 93' lang='lat' dir='ltr'>ut</span> <span class='ocrx_word' id='word_1_36' title='bbox 1288 455 1324 495; x_wconf 92' lang='lat' dir='ltr'>ei</span> <span class='ocrx_word' id='word_1_37' title='bbox 1347 470 1440 509; x_wconf 88' lang='lat' dir='ltr'>per-</span> 
     </span>
     <span class='ocr_line' id='line_1_6' title="bbox 86 511 1440 569; baseline 0.002 -16"><span class='ocrx_word' id='word_1_38' title='bbox 86 512 270 560; x_wconf 80' lang='lat' dir='ltr'>suaserit,</span> <span class='ocrx_word' id='word_1_39' title='bbox 294 512 520 566; x_wconf 81' lang='lat' dir='ltr'>tyrannidis</span> <span class='ocrx_word' id='word_1_40' title='bbox 540 511 675 552; x_wconf 87' lang='lat' dir='ltr'>facere</span> <span class='ocrx_word' id='word_1_41' title='bbox 695 511 819 551; x_wconf 89' lang='lat' dir='ltr'>finem</span> <span class='ocrx_word' id='word_1_42' title='bbox 838 511 1149 566; x_wconf 77' lang='lat' dir='ltr'>libertatemque</span> <span class='ocrx_word' id='word_1_43' title='bbox 1168 515 1337 555; x_wconf 89' lang='lat' dir='ltr'>reddere</span> <span class='ocrx_word' id='word_1_44' title='bbox 1361 515 1440 569; x_wconf 85' lang='lat' dir='ltr'>Sy-</span> 
     </span>
     <span class='ocr_line' id='line_1_7' title="bbox 83 572 1439 626; baseline 0.001 -12"><span class='ocrx_word' id='word_1_45' title='bbox 83 573 314 623; x_wconf 82' lang='lat' dir='ltr'>racusanis3</span> <span class='ocrx_word' id='word_1_46' title='bbox 346 589 370 614; x_wconf 90' lang='lat' dir='ltr'>a</span> <span class='ocrx_word' id='word_1_47' title='bbox 394 588 476 626; x_wconf 86' lang='lat' dir='ltr'>qua</span> <span class='ocrx_word' id='word_1_48' title='bbox 506 573 714 613; x_wconf 84' lang='lat' dir='ltr'>voluntate</span> <span class='ocrx_word' id='word_1_49' title='bbox 739 572 904 613; x_wconf 67' lang='lat' dir='ltr'>Philisti</span> <span class='ocrx_word' id='word_1_50' title='bbox 931 574 1100 615; x_wconf 87' lang='lat' dir='ltr'>consilio</span> <span class='ocrx_word' id='word_1_51' title='bbox 1125 574 1340 616; x_wconf 90' lang='lat' dir='ltr'>deterritus</span> <span class='ocrx_word' id='word_1_52' title='bbox 1366 576 1439 616; x_wconf 89' lang='lat' dir='ltr'>ali-</span> 
     </span>
     <span class='ocr_line' id='line_1_8' title="bbox 83 635 753 689; baseline 0 -14"><span class='ocrx_word' id='word_1_53' title='bbox 83 642 237 689; x_wconf 87' lang='lat' dir='ltr'>quanto</span> <span class='ocrx_word' id='word_1_54' title='bbox 263 635 465 676; x_wconf 80' lang='lat' dir='ltr'>crudelior</span> <span class='ocrx_word' id='word_1_55' title='bbox 490 650 581 676; x_wconf 85' lang='lat' dir='ltr'>esse</span> <span class='ocrx_word' id='word_1_56' title='bbox 607 635 753 689; x_wconf 88' lang='lat' dir='ltr'>coepit.</span> 
     </span>
    </p>

    <p class='ocr_par' dir='ltr' id='par_1_3' title="bbox 75 695 1440 1983">
     <span class='ocr_line' id='line_1_9' title="bbox 149 695 1438 752; baseline 0.001 -14"><span class='ocrx_word' id='word_1_57' title='bbox 149 695 226 738; x_wconf 89' lang='lat' dir='ltr'>IV.</span> <span class='ocrx_word' id='word_1_58' title='bbox 267 696 350 748; x_wconf 81' lang='lat' dir='ltr'>Qui</span> <span class='ocrx_word' id='word_1_59' title='bbox 381 696 547 750; x_wconf 91' lang='lat' dir='ltr'>quidem</span> <span class='ocrx_word' id='word_1_60' title='bbox 579 711 673 737; x_wconf 89' lang='lat' dir='ltr'>cum</span> <span class='ocrx_word' id='word_1_61' title='bbox 698 712 722 737; x_wconf 87' lang='lat' dir='ltr'>a</span> <span class='ocrx_word' id='word_1_62' title='bbox 746 696 883 737; x_wconf 88' lang='lat' dir='ltr'>Dione</span> <span class='ocrx_word' id='word_1_63' title='bbox 915 712 958 738; x_wconf 88' lang='lat' dir='ltr'>se</span> <span class='ocrx_word' id='word_1_64' title='bbox 985 698 1167 752; x_wconf 85' lang='lat' dir='ltr'>superari</span> <span class='ocrx_word' id='word_1_65' title='bbox 1198 698 1355 739; x_wconf 75' lang='lat' dir='ltr'>videret</span> <span class='ocrx_word' id='word_1_66' title='bbox 1378 699 1438 739; x_wconf 91' lang='lat' dir='ltr'>in-</span> 
     </span>
     <span class='ocr_line' id='line_1_10' title="bbox 84 758 1438 813; baseline 0.002 -15"><span class='ocrx_word' id='word_1_67' title='bbox 84 758 225 813; x_wconf 88' lang='lat' dir='ltr'>genio,</span> <span class='ocrx_word' id='word_1_68' title='bbox 258 759 515 807; x_wconf 84' lang='lat' dir='ltr'>auctoritate,</span> <span class='ocrx_word' id='word_1_69' title='bbox 549 773 686 799; x_wconf 86' lang='lat' dir='ltr'>amore</span> <span class='ocrx_word' id='word_1_70' title='bbox 710 758 870 812; x_wconf 87' lang='lat' dir='ltr'>populi,</span> <span class='ocrx_word' id='word_1_71' title='bbox 903 773 1049 799; x_wconf 87' lang='lat' dir='ltr'>verens</span> <span class='ocrx_word' id='word_1_72' title='bbox 1080 773 1149 808; x_wconf 88' lang='lat' dir='ltr'>ne,</span> <span class='ocrx_word' id='word_1_73' title='bbox 1183 759 1216 800; x_wconf 92' lang='lat' dir='ltr'>si</span> <span class='ocrx_word' id='word_1_74' title='bbox 1249 775 1343 800; x_wconf 90' lang='lat' dir='ltr'>eum</span> <span class='ocrx_word' id='word_1_75' title='bbox 1376 775 1438 801; x_wconf 90' lang='lat' dir='ltr'>se-</span> 
     </span>
     <span class='ocr_line' id='line_1_11' title="bbox 85 819 1437 875; baseline 0.001 -15"><span class='ocrx_word' id='word_1_76' title='bbox 85 835 179 860; x_wconf 88' lang='lat' dir='ltr'>cum</span> <span class='ocrx_word' id='word_1_77' title='bbox 210 819 396 868; x_wconf 87' lang='lat' dir='ltr'>haberet,</span> <span class='ocrx_word' id='word_1_78' title='bbox 429 820 608 873; x_wconf 83' lang='lat' dir='ltr'>aliquam</span> <span class='ocrx_word' id='word_1_79' title='bbox 640 820 898 861; x_wconf 80' lang='lat' dir='ltr'>occasionem</span> <span class='ocrx_word' id='word_1_80' title='bbox 929 820 993 861; x_wconf 92' lang='lat' dir='ltr'>sui</span> <span class='ocrx_word' id='word_1_81' title='bbox 1023 821 1137 861; x_wconf 83' lang='lat' dir='ltr'>daret</span> <span class='ocrx_word' id='word_1_82' title='bbox 1168 821 1437 875; x_wconf 88' lang='lat' dir='ltr'>opprimendi,</span> 
     </span>
     <span class='ocr_line' id='line_1_12' title="bbox 84 881 1436 934; baseline 0.001 -12"><span class='ocrx_word' id='word_1_83' title='bbox 84 896 233 922; x_wconf 88' lang='lat' dir='ltr'>navem</span> <span class='ocrx_word' id='word_1_84' title='bbox 269 881 307 922; x_wconf 90' lang='lat' dir='ltr'>ei</span> <span class='ocrx_word' id='word_1_85' title='bbox 342 882 547 922; x_wconf 86' lang='lat' dir='ltr'>triremem</span> <span class='ocrx_word' id='word_1_86' title='bbox 584 882 713 930; x_wconf 88' lang='lat' dir='ltr'>dedit,</span> <span class='ocrx_word' id='word_1_87' title='bbox 756 896 838 934; x_wconf 89' lang='lat' dir='ltr'>qua</span> <span class='ocrx_word' id='word_1_88' title='bbox 875 881 1119 922; x_wconf 81' lang='lat' dir='ltr'>Corinthum</span> <span class='ocrx_word' id='word_1_89' title='bbox 1156 882 1436 932; x_wconf 81' lang='lat' dir='ltr'>deveheretur,</span> 
     </span>
     <span class='ocr_line' id='line_1_13' title="bbox 84 943 1440 996; baseline 0 -12"><span class='ocrx_word' id='word_1_90' title='bbox 84 944 324 992; x_wconf 89' lang='lat' dir='ltr'>ostendens,</span> <span class='ocrx_word' id='word_1_91' title='bbox 358 958 400 984; x_wconf 91' lang='lat' dir='ltr'>se</span> <span class='ocrx_word' id='word_1_92' title='bbox 431 943 472 983; x_wconf 87' lang='lat' dir='ltr'>id</span> <span class='ocrx_word' id='word_1_93' title='bbox 503 943 714 996; x_wconf 88' lang='lat' dir='ltr'>utriusque</span> <span class='ocrx_word' id='word_1_94' title='bbox 745 944 882 984; x_wconf 76' lang='lat' dir='ltr'>facere</span> <span class='ocrx_word' id='word_1_95' title='bbox 912 958 1077 992; x_wconf 82' lang='lat' dir='ltr'>caussa,</span> <span class='ocrx_word' id='word_1_96' title='bbox 1108 959 1178 993; x_wconf 88' lang='lat' dir='ltr'>nc,</span> <span class='ocrx_word' id='word_1_97' title='bbox 1211 959 1304 984; x_wconf 90' lang='lat' dir='ltr'>cum</span> <span class='ocrx_word' id='word_1_98' title='bbox 1334 944 1440 985; x_wconf 89' lang='lat' dir='ltr'>inter</span> 
     </span>
     <span class='ocr_line' id='line_1_14' title="bbox 84 1005 1437 1058; baseline -0.001 -12"><span class='ocrx_word' id='word_1_99' title='bbox 84 1020 128 1046; x_wconf 90' lang='lat' dir='ltr'>se</span> <span class='ocrx_word' id='word_1_100' title='bbox 159 1005 364 1053; x_wconf 87' lang='lat' dir='ltr'>timerent,</span> <span class='ocrx_word' id='word_1_101' title='bbox 397 1005 589 1045; x_wconf 84' lang='lat' dir='ltr'>alteruter</span> <span class='ocrx_word' id='word_1_102' title='bbox 619 1005 791 1045; x_wconf 88' lang='lat' dir='ltr'>alterum</span> <span class='ocrx_word' id='word_1_103' title='bbox 822 1012 1152 1058; x_wconf 82' lang='lat' dir='ltr'>praeoccuparet.</span> <span class='ocrx_word' id='word_1_104' title='bbox 1190 1005 1232 1045; x_wconf 91' lang='lat' dir='ltr'>id</span> <span class='ocrx_word' id='word_1_105' title='bbox 1257 1019 1352 1045; x_wconf 89' lang='lat' dir='ltr'>cum</span> <span class='ocrx_word' id='word_1_106' title='bbox 1376 1005 1437 1045; x_wconf 88' lang='lat' dir='ltr'>fa-</span> 
     </span>
     <span class='ocr_line' id='line_1_15' title="bbox 84 1066 1438 1120; baseline 0 -14"><span class='ocrx_word' id='word_1_107' title='bbox 84 1076 196 1107; x_wconf 87' lang='lat' dir='ltr'>ctum</span> <span class='ocrx_word' id='word_1_108' title='bbox 220 1066 337 1106; x_wconf 91' lang='lat' dir='ltr'>multi</span> <span class='ocrx_word' id='word_1_109' title='bbox 361 1066 690 1120; x_wconf 78' lang='lat' dir='ltr'>indignarentur,</span> <span class='ocrx_word' id='word_1_110' title='bbox 721 1080 979 1120; x_wconf 78' lang='lat' dir='ltr'>magnaeque</span> <span class='ocrx_word' id='word_1_111' title='bbox 1011 1072 1148 1106; x_wconf 85' lang='lat' dir='ltr'>essent</span> <span class='ocrx_word' id='word_1_112' title='bbox 1173 1066 1351 1107; x_wconf 89' lang='lat' dir='ltr'>invidiae</span> <span class='ocrx_word' id='word_1_113' title='bbox 1376 1073 1438 1120; x_wconf 86' lang='lat' dir='ltr'>ty-</span> 
     </span>
     <span class='ocr_line' id='line_1_16' title="bbox 81 1127 1438 1182; baseline 0 -14"><span class='ocrx_word' id='word_1_114' title='bbox 81 1142 222 1177; x_wconf 86' lang='lat' dir='ltr'>ranno,</span> <span class='ocrx_word' id='word_1_115' title='bbox 247 1127 478 1182; x_wconf 87' lang='lat' dir='ltr'>Dionysius</span> <span class='ocrx_word' id='word_1_116' title='bbox 505 1128 653 1176; x_wconf 85' lang='lat' dir='ltr'>omnia,</span> <span class='ocrx_word' id='word_1_117' title='bbox 680 1142 785 1180; x_wconf 90' lang='lat' dir='ltr'>quae</span> <span class='ocrx_word' id='word_1_118' title='bbox 811 1128 965 1168; x_wconf 88' lang='lat' dir='ltr'>moveri</span> <span class='ocrx_word' id='word_1_119' title='bbox 990 1134 1176 1182; x_wconf 83' lang='lat' dir='ltr'>poterant</span> <span class='ocrx_word' id='word_1_120' title='bbox 1200 1128 1369 1177; x_wconf 82' lang='lat' dir='ltr'>Dionis,</span> <span class='ocrx_word' id='word_1_121' title='bbox 1396 1128 1438 1168; x_wconf 92' lang='lat' dir='ltr'>in</span> 
     </span>
     <span class='ocr_line' id='line_1_17' title="bbox 81 1189 1438 1244; baseline 0 -14"><span class='ocrx_word' id='word_1_122' title='bbox 81 1204 208 1230; x_wconf 85' lang='lat' dir='ltr'>naves</span> <span class='ocrx_word' id='word_1_123' title='bbox 232 1189 430 1244; x_wconf 86' lang='lat' dir='ltr'>imposuit</span> <span class='ocrx_word' id='word_1_124' title='bbox 454 1190 506 1230; x_wconf 87' lang='lat' dir='ltr'>ad</span> <span class='ocrx_word' id='word_1_125' title='bbox 537 1204 713 1242; x_wconf 88' lang='lat' dir='ltr'>eumque</span> <span class='ocrx_word' id='word_1_126' title='bbox 738 1189 860 1230; x_wconf 85' lang='lat' dir='ltr'>misit.</span> <span class='ocrx_word' id='word_1_127' title='bbox 898 1189 958 1230; x_wconf 87' lang='lat' dir='ltr'>sie</span> <span class='ocrx_word' id='word_1_128' title='bbox 983 1190 1091 1230; x_wconf 89' lang='lat' dir='ltr'>enim</span> <span class='ocrx_word' id='word_1_129' title='bbox 1117 1190 1342 1231; x_wconf 75' lang='lat' dir='ltr'>existimari</span> <span class='ocrx_word' id='word_1_130' title='bbox 1367 1205 1438 1230; x_wconf 88' lang='lat' dir='ltr'>vo-</span> 
     </span>
     <span class='ocr_line' id='line_1_18' title="bbox 80 1251 1436 1301; baseline -0.001 -9"><span class='ocrx_word' id='word_1_131' title='bbox 80 1251 208 1301; x_wconf 85' lang='lat' dir='ltr'>lebat,</span> <span class='ocrx_word' id='word_1_132' title='bbox 246 1252 288 1292; x_wconf 91' lang='lat' dir='ltr'>id</span> <span class='ocrx_word' id='word_1_133' title='bbox 319 1267 363 1292; x_wconf 91' lang='lat' dir='ltr'>se</span> <span class='ocrx_word' id='word_1_134' title='bbox 394 1266 476 1292; x_wconf 86' lang='lat' dir='ltr'>non</span> <span class='ocrx_word' id='word_1_135' title='bbox 508 1251 602 1292; x_wconf 90' lang='lat' dir='ltr'>odio</span> <span class='ocrx_word' id='word_1_136' title='bbox 638 1251 834 1300; x_wconf 76' lang='lat' dir='ltr'>hominis,</span> <span class='ocrx_word' id='word_1_137' title='bbox 873 1252 945 1292; x_wconf 91' lang='lat' dir='ltr'>sed</span> <span class='ocrx_word' id='word_1_138' title='bbox 977 1267 1075 1292; x_wconf 87' lang='lat' dir='ltr'>suae</span> <span class='ocrx_word' id='word_1_139' title='bbox 1113 1252 1255 1293; x_wconf 84' lang='lat' dir='ltr'>salutis</span> <span class='ocrx_word' id='word_1_140' title='bbox 1288 1252 1436 1292; x_wconf 84' lang='lat' dir='ltr'>fecisse</span> 
     </span>
     <span class='ocr_line' id='line_1_19' title="bbox 81 1313 1435 1368; baseline 0.001 -14"><span class='ocrx_word' id='word_1_141' title='bbox 81 1328 241 1354; x_wconf 87' lang='lat' dir='ltr'>caussa.</span> <span class='ocrx_word' id='word_1_142' title='bbox 284 1321 427 1368; x_wconf 88' lang='lat' dir='ltr'>postea</span> <span class='ocrx_word' id='word_1_143' title='bbox 457 1328 554 1354; x_wconf 85' lang='lat' dir='ltr'>vcro</span> <span class='ocrx_word' id='word_1_144' title='bbox 585 1328 709 1366; x_wconf 88' lang='lat' dir='ltr'>quam</span> <span class='ocrx_word' id='word_1_145' title='bbox 741 1313 912 1362; x_wconf 85' lang='lat' dir='ltr'>audivit,</span> <span class='ocrx_word' id='word_1_146' title='bbox 951 1329 1046 1354; x_wconf 87' lang='lat' dir='ltr'>eum</span> <span class='ocrx_word' id='word_1_147' title='bbox 1075 1314 1118 1354; x_wconf 88' lang='lat' dir='ltr'>in</span> <span class='ocrx_word' id='word_1_148' title='bbox 1147 1314 1435 1368; x_wconf 85' lang='lat' dir='ltr'>Peloponneso</span> 
     </span>
     <span class='ocr_line' id='line_1_20' title="bbox 80 1374 1434 1429; baseline 0.001 -14"><span class='ocrx_word' id='word_1_149' title='bbox 80 1390 249 1415; x_wconf 89' lang='lat' dir='ltr'>manum</span> <span class='ocrx_word' id='word_1_150' title='bbox 274 1390 512 1429; x_wconf 81' lang='lat' dir='ltr'>comparare</span> <span class='ocrx_word' id='word_1_151' title='bbox 543 1375 702 1428; x_wconf 88' lang='lat' dir='ltr'>sibique</span> <span class='ocrx_word' id='word_1_152' title='bbox 733 1374 887 1416; x_wconf 87' lang='lat' dir='ltr'>bellum</span> <span class='ocrx_word' id='word_1_153' title='bbox 917 1374 1053 1416; x_wconf 86' lang='lat' dir='ltr'>faeere</span> <span class='ocrx_word' id='word_1_154' title='bbox 1078 1376 1233 1425; x_wconf 87' lang='lat' dir='ltr'>conari,</span> <span class='ocrx_word' id='word_1_155' title='bbox 1265 1375 1434 1425; x_wconf 89' lang='lat' dir='ltr'>Areten,</span> 
     </span>
     <span class='ocr_line' id='line_1_21' title="bbox 80 1437 1437 1490; baseline 0 -13"><span class='ocrx_word' id='word_1_156' title='bbox 80 1437 232 1478; x_wconf 85' lang='lat' dir='ltr'>Dionis</span> <span class='ocrx_word' id='word_1_157' title='bbox 258 1452 445 1485; x_wconf 81' lang='lat' dir='ltr'>uxorem,</span> <span class='ocrx_word' id='word_1_158' title='bbox 479 1437 546 1477; x_wconf 88' lang='lat' dir='ltr'>alii</span> <span class='ocrx_word' id='word_1_159' title='bbox 571 1444 745 1490; x_wconf 89' lang='lat' dir='ltr'>nuptum</span> <span class='ocrx_word' id='word_1_160' title='bbox 770 1437 881 1477; x_wconf 88' lang='lat' dir='ltr'>dedit</span> <span class='ocrx_word' id='word_1_161' title='bbox 905 1437 1114 1489; x_wconf 86' lang='lat' dir='ltr'>filiumque</span> <span class='ocrx_word' id='word_1_162' title='bbox 1140 1437 1227 1478; x_wconf 89' lang='lat' dir='ltr'>cius</span> <span class='ocrx_word' id='word_1_163' title='bbox 1254 1437 1312 1478; x_wconf 87' lang='lat' dir='ltr'>sic</span> <span class='ocrx_word' id='word_1_164' title='bbox 1338 1438 1437 1477; x_wconf 88' lang='lat' dir='ltr'>edu-</span> 
     </span>
     <span class='ocr_line' id='line_1_22' title="bbox 80 1498 1436 1553; baseline 0.001 -15"><span class='ocrx_word' id='word_1_165' title='bbox 80 1498 163 1539; x_wconf 86' lang='lat' dir='ltr'>cari</span> <span class='ocrx_word' id='word_1_166' title='bbox 193 1498 329 1547; x_wconf 87' lang='lat' dir='ltr'>iussit,</span> <span class='ocrx_word' id='word_1_167' title='bbox 363 1505 408 1538; x_wconf 90' lang='lat' dir='ltr'>ut</span> <span class='ocrx_word' id='word_1_168' title='bbox 437 1498 689 1553; x_wconf 91' lang='lat' dir='ltr'>indulgendo</span> <span class='ocrx_word' id='word_1_169' title='bbox 720 1498 967 1552; x_wconf 86' lang='lat' dir='ltr'>turpissimis</span> <span class='ocrx_word' id='word_1_170' title='bbox 998 1498 1250 1539; x_wconf 83' lang='lat' dir='ltr'>imbueretur</span> <span class='ocrx_word' id='word_1_171' title='bbox 1280 1499 1436 1553; x_wconf 81' lang='lat' dir='ltr'>cupidi-</span> 
     </span>
     <span class='ocr_line' id='line_1_23' title="bbox 79 1559 1435 1614; baseline 0.001 -14"><span class='ocrx_word' id='word_1_172' title='bbox 79 1559 244 1601; x_wconf 85' lang='lat' dir='ltr'>tatibus.</span> <span class='ocrx_word' id='word_1_173' title='bbox 282 1576 376 1600; x_wconf 89' lang='lat' dir='ltr'>nam</span> <span class='ocrx_word' id='word_1_174' title='bbox 402 1575 542 1614; x_wconf 88' lang='lat' dir='ltr'>puero,</span> <span class='ocrx_word' id='word_1_175' title='bbox 569 1560 809 1614; x_wconf 87' lang='lat' dir='ltr'>priusquam</span> <span class='ocrx_word' id='word_1_176' title='bbox 834 1559 965 1614; x_wconf 88' lang='lat' dir='ltr'>pubes</span> <span class='ocrx_word' id='word_1_177' title='bbox 991 1566 1119 1609; x_wconf 89' lang='lat' dir='ltr'>esset,</span> <span class='ocrx_word' id='word_1_178' title='bbox 1148 1566 1281 1601; x_wconf 86' lang='lat' dir='ltr'>scorta</span> <span class='ocrx_word' id='word_1_179' title='bbox 1306 1561 1435 1601; x_wconf 82' lang='lat' dir='ltr'>addu-</span> 
     </span>
     <span class='ocr_line' id='line_1_24' title="bbox 80 1621 1433 1676; baseline 0 -14"><span class='ocrx_word' id='word_1_180' title='bbox 80 1621 288 1670; x_wconf 88' lang='lat' dir='ltr'>cebantur,</span> <span class='ocrx_word' id='word_1_181' title='bbox 315 1622 410 1662; x_wconf 84' lang='lat' dir='ltr'>vino</span> <span class='ocrx_word' id='word_1_182' title='bbox 436 1622 652 1676; x_wconf 85' lang='lat' dir='ltr'>epulisque</span> <span class='ocrx_word' id='word_1_183' title='bbox 672 1621 934 1670; x_wconf 88' lang='lat' dir='ltr'>obruebatur,</span> <span class='ocrx_word' id='word_1_184' title='bbox 960 1636 1092 1674; x_wconf 89' lang='lat' dir='ltr'>neque</span> <span class='ocrx_word' id='word_1_185' title='bbox 1118 1622 1246 1662; x_wconf 93' lang='lat' dir='ltr'>ullum</span> <span class='ocrx_word' id='word_1_186' title='bbox 1272 1629 1433 1676; x_wconf 86' lang='lat' dir='ltr'>tempus</span> 
     </span>
     <span class='ocr_line' id='line_1_25' title="bbox 79 1682 1435 1736; baseline 0 -13"><span class='ocrx_word' id='word_1_187' title='bbox 79 1682 215 1724; x_wconf 88' lang='lat' dir='ltr'>sobrio</span> <span class='ocrx_word' id='word_1_188' title='bbox 240 1683 557 1736; x_wconf 85' lang='lat' dir='ltr'>relinquebatur.</span> <span class='ocrx_word' id='word_1_189' title='bbox 594 1684 629 1724; x_wconf 86' lang='lat' dir='ltr'>is</span> <span class='ocrx_word' id='word_1_190' title='bbox 654 1698 787 1736; x_wconf 89' lang='lat' dir='ltr'>usque</span> <span class='ocrx_word' id='word_1_191' title='bbox 813 1698 859 1724; x_wconf 91' lang='lat' dir='ltr'>eo</span> <span class='ocrx_word' id='word_1_192' title='bbox 893 1684 999 1724; x_wconf 87' lang='lat' dir='ltr'>vitae</span> <span class='ocrx_word' id='word_1_193' title='bbox 1025 1690 1176 1724; x_wconf 91' lang='lat' dir='ltr'>statum</span> <span class='ocrx_word' id='word_1_194' title='bbox 1208 1692 1435 1724; x_wconf 90' lang='lat' dir='ltr'>commuta-</span> 
     </span>
     <span class='ocr_line' id='line_1_26' title="bbox 78 1744 1436 1799; baseline 0.001 -15"><span class='ocrx_word' id='word_1_195' title='bbox 78 1752 165 1784; x_wconf 89' lang='lat' dir='ltr'>tum</span> <span class='ocrx_word' id='word_1_196' title='bbox 200 1744 306 1785; x_wconf 86' lang='lat' dir='ltr'>ferre</span> <span class='ocrx_word' id='word_1_197' title='bbox 337 1760 420 1785; x_wconf 92' lang='lat' dir='ltr'>non</span> <span class='ocrx_word' id='word_1_198' title='bbox 450 1745 598 1798; x_wconf 89' lang='lat' dir='ltr'>potuit,</span> <span class='ocrx_word' id='word_1_199' title='bbox 635 1754 853 1799; x_wconf 87' lang='lat' dir='ltr'>postquam</span> <span class='ocrx_word' id='word_1_200' title='bbox 884 1746 926 1785; x_wconf 86' lang='lat' dir='ltr'>in</span> <span class='ocrx_word' id='word_1_201' title='bbox 961 1745 1135 1799; x_wconf 90' lang='lat' dir='ltr'>patriam</span> <span class='ocrx_word' id='word_1_202' title='bbox 1171 1745 1290 1785; x_wconf 89' lang='lat' dir='ltr'>rediit</span> <span class='ocrx_word' id='word_1_203' title='bbox 1319 1752 1436 1798; x_wconf 87' lang='lat' dir='ltr'>pater</span> 
     </span>
     <span class='ocr_line' id='line_1_27' title="bbox 78 1806 1434 1861; baseline 0 -15"><span class='ocrx_word' id='word_1_204' title='bbox 78 1809 273 1859; x_wconf 87' lang='lat' dir='ltr'>(namque</span> <span class='ocrx_word' id='word_1_205' title='bbox 293 1806 471 1861; x_wconf 87' lang='lat' dir='ltr'>appositi</span> <span class='ocrx_word' id='word_1_206' title='bbox 497 1813 610 1847; x_wconf 88' lang='lat' dir='ltr'>erant</span> <span class='ocrx_word' id='word_1_207' title='bbox 630 1807 836 1856; x_wconf 90' lang='lat' dir='ltr'>custodes,</span> <span class='ocrx_word' id='word_1_208' title='bbox 864 1807 933 1860; x_wconf 91' lang='lat' dir='ltr'>qui</span> <span class='ocrx_word' id='word_1_209' title='bbox 959 1822 1052 1847; x_wconf 89' lang='lat' dir='ltr'>eum</span> <span class='ocrx_word' id='word_1_210' title='bbox 1079 1822 1102 1847; x_wconf 90' lang='lat' dir='ltr'>a</span> <span class='ocrx_word' id='word_1_211' title='bbox 1126 1807 1298 1861; x_wconf 89' lang='lat' dir='ltr'>pristino</span> <span class='ocrx_word' id='word_1_212' title='bbox 1324 1806 1434 1847; x_wconf 68' lang='lat' dir='ltr'>victu</span> 
     </span>
     <span class='ocr_line' id='line_1_28' title="bbox 76 1868 1434 1924; baseline 0.001 -16"><span class='ocrx_word' id='word_1_213' title='bbox 76 1868 355 1922; x_wconf 85' lang='lat' dir='ltr'>deducerent),</span> <span class='ocrx_word' id='word_1_214' title='bbox 384 1875 426 1908; x_wconf 90' lang='lat' dir='ltr'>ut</span> <span class='ocrx_word' id='word_1_215' title='bbox 451 1884 494 1909; x_wconf 88' lang='lat' dir='ltr'>se</span> <span class='ocrx_word' id='word_1_216' title='bbox 520 1869 571 1909; x_wconf 92' lang='lat' dir='ltr'>de</span> <span class='ocrx_word' id='word_1_217' title='bbox 597 1869 805 1924; x_wconf 89' lang='lat' dir='ltr'>superiore</span> <span class='ocrx_word' id='word_1_218' title='bbox 829 1875 944 1923; x_wconf 88' lang='lat' dir='ltr'>parte</span> <span class='ocrx_word' id='word_1_219' title='bbox 970 1868 1133 1910; x_wconf 88' lang='lat' dir='ltr'>aedium</span> <span class='ocrx_word' id='word_1_220' title='bbox 1159 1869 1350 1909; x_wconf 88' lang='lat' dir='ltr'>deiecerit</span> <span class='ocrx_word' id='word_1_221' title='bbox 1375 1875 1434 1909; x_wconf 87' lang='lat' dir='ltr'>at-</span> 
     </span>
     <span class='ocr_line' id='line_1_29' title="bbox 75 1930 916 1983; baseline -0.001 -13"><span class='ocrx_word' id='word_1_222' title='bbox 75 1944 154 1983; x_wconf 89' lang='lat' dir='ltr'>que</span> <span class='ocrx_word' id='word_1_223' title='bbox 178 1930 236 1970; x_wconf 89' lang='lat' dir='ltr'>ita</span> <span class='ocrx_word' id='word_1_224' title='bbox 259 1930 467 1971; x_wconf 89' lang='lat' dir='ltr'>interierit.</span> <span class='ocrx_word' id='word_1_225' title='bbox 506 1931 579 1971; x_wconf 91' lang='lat' dir='ltr'>sed</span> <span class='ocrx_word' id='word_1_226' title='bbox 603 1931 699 1971; x_wconf 88' lang='lat' dir='ltr'>illuc</span> <span class='ocrx_word' id='word_1_227' title='bbox 723 1937 916 1971; x_wconf 80' lang='lat' dir='ltr'>revertor.</span> 
     </span>
    </p>

    <p class='ocr_par' dir='ltr' id='par_1_4' title="bbox 26 1990 1433 2725">
     <span class='ocr_line' id='line_1_30' title="bbox 142 1990 1433 2046; baseline 0 -14"><span class='ocrx_word' id='word_1_228' title='bbox 142 1990 195 2032; x_wconf 90' lang='lat' dir='ltr'>V.</span> <span class='ocrx_word' id='word_1_229' title='bbox 232 1991 462 2045; x_wconf 87' lang='lat' dir='ltr'>Postquam</span> <span class='ocrx_word' id='word_1_230' title='bbox 483 1992 729 2034; x_wconf 88' lang='lat' dir='ltr'>Corinthum</span> <span class='ocrx_word' id='word_1_231' title='bbox 754 1992 941 2046; x_wconf 88' lang='lat' dir='ltr'>pervenit</span> <span class='ocrx_word' id='word_1_232' title='bbox 959 1992 1086 2041; x_wconf 88' lang='lat' dir='ltr'>Dion,</span> <span class='ocrx_word' id='word_1_233' title='bbox 1113 1998 1153 2033; x_wconf 91' lang='lat' dir='ltr'>et</span> <span class='ocrx_word' id='word_1_234' title='bbox 1172 1992 1316 2033; x_wconf 88' lang='lat' dir='ltr'>eodem</span> <span class='ocrx_word' id='word_1_235' title='bbox 1341 2006 1433 2046; x_wconf 83' lang='lat' dir='ltr'>per-</span> 
     </span>
     <span class='ocr_line' id='line_1_31' title="bbox 74 2052 1433 2108; baseline 0.001 -15"><span class='ocrx_word' id='word_1_236' title='bbox 74 2052 182 2108; x_wconf 81' lang='lat' dir='ltr'>fugit</span> <span class='ocrx_word' id='word_1_237' title='bbox 205 2053 468 2103; x_wconf 85' lang='lat' dir='ltr'>Heraclides,</span> <span class='ocrx_word' id='word_1_238' title='bbox 502 2054 553 2095; x_wconf 91' lang='lat' dir='ltr'>ab</span> <span class='ocrx_word' id='word_1_239' title='bbox 579 2055 724 2095; x_wconf 89' lang='lat' dir='ltr'>eodem</span> <span class='ocrx_word' id='word_1_240' title='bbox 749 2054 946 2108; x_wconf 77' lang='lat' dir='ltr'>expulsus</span> <span class='ocrx_word' id='word_1_241' title='bbox 971 2053 1196 2108; x_wconf 89' lang='lat' dir='ltr'>Dionysio,</span> <span class='ocrx_word' id='word_1_242' title='bbox 1223 2054 1292 2107; x_wconf 90' lang='lat' dir='ltr'>qui</span> <span class='ocrx_word' id='word_1_243' title='bbox 1317 2068 1433 2108; x_wconf 88' lang='lat' dir='ltr'>prae-</span> 
     </span>
     <span class='ocr_line' id='line_1_32' title="bbox 74 2115 1433 2170; baseline 0.001 -15"><span class='ocrx_word' id='word_1_244' title='bbox 74 2115 206 2156; x_wconf 86' lang='lat' dir='ltr'>fectus</span> <span class='ocrx_word' id='word_1_245' title='bbox 232 2116 367 2157; x_wconf 87' lang='lat' dir='ltr'>fuerat</span> <span class='ocrx_word' id='word_1_246' title='bbox 385 2117 580 2169; x_wconf 87' lang='lat' dir='ltr'>equitum,</span> <span class='ocrx_word' id='word_1_247' title='bbox 608 2116 719 2157; x_wconf 89' lang='lat' dir='ltr'>omni</span> <span class='ocrx_word' id='word_1_248' title='bbox 737 2117 892 2157; x_wconf 87' lang='lat' dir='ltr'>ratione</span> <span class='ocrx_word' id='word_1_249' title='bbox 912 2116 1064 2157; x_wconf 88' lang='lat' dir='ltr'>bellum</span> <span class='ocrx_word' id='word_1_250' title='bbox 1084 2130 1320 2170; x_wconf 87' lang='lat' dir='ltr'>comparare</span> <span class='ocrx_word' id='word_1_251' title='bbox 1341 2130 1433 2156; x_wconf 91' lang='lat' dir='ltr'>eoe-</span> 
     </span>
     <span class='ocr_line' id='line_1_33' title="bbox 74 2178 1431 2233; baseline 0 -15"><span class='ocrx_word' id='word_1_252' title='bbox 74 2184 232 2231; x_wconf 89' lang='lat' dir='ltr'>perunt.</span> <span class='ocrx_word' id='word_1_253' title='bbox 272 2179 344 2219; x_wconf 89' lang='lat' dir='ltr'>scd</span> <span class='ocrx_word' id='word_1_254' title='bbox 369 2194 451 2220; x_wconf 91' lang='lat' dir='ltr'>non</span> <span class='ocrx_word' id='word_1_255' title='bbox 470 2180 644 2220; x_wconf 91' lang='lat' dir='ltr'>multum</span> <span class='ocrx_word' id='word_1_256' title='bbox 667 2179 949 2233; x_wconf 88' lang='lat' dir='ltr'>proficiebant,</span> <span class='ocrx_word' id='word_1_257' title='bbox 977 2179 1089 2232; x_wconf 88' lang='lat' dir='ltr'>quod</span> <span class='ocrx_word' id='word_1_258' title='bbox 1113 2178 1333 2219; x_wconf 90' lang='lat' dir='ltr'>multorum</span> <span class='ocrx_word' id='word_1_259' title='bbox 1360 2194 1431 2218; x_wconf 87' lang='lat' dir='ltr'>an-</span> 
     </span>
     <span class='ocr_line' id='line_1_34' title="bbox 26 2235 1429 2296; baseline 0.001 -18"><span class='ocrx_word' id='word_1_260' title='bbox 26 2235 29 2237; x_wconf 63' lang='grc'><strong>’</strong></span> <span class='ocrx_word' id='word_1_261' title='bbox 73 2253 219 2280; x_wconf 91' lang='lat' dir='ltr'>norum</span> <span class='ocrx_word' id='word_1_262' title='bbox 255 2246 453 2294; x_wconf 87' lang='lat' dir='ltr'>tyrannus</span> <span class='ocrx_word' id='word_1_263' title='bbox 490 2257 735 2296; x_wconf 89' lang='lat' dir='ltr'>magnarum</span> <span class='ocrx_word' id='word_1_264' title='bbox 772 2256 898 2295; x_wconf 88' lang='lat' dir='ltr'>opum</span> <span class='ocrx_word' id='word_1_265' title='bbox 934 2240 1167 2295; x_wconf 88' lang='lat' dir='ltr'>putabatur.</span> <span class='ocrx_word' id='word_1_266' title='bbox 1216 2254 1339 2293; x_wconf 89' lang='lat' dir='ltr'>quam</span> <span class='ocrx_word' id='word_1_267' title='bbox 1377 2239 1429 2279; x_wconf 88' lang='lat' dir='ltr'>ob</span> 
     </span>
     <span class='ocr_line' id='line_1_35' title="bbox 74 2301 1429 2357; baseline 0.001 -18"><span class='ocrx_word' id='word_1_268' title='bbox 74 2314 263 2341; x_wconf 85' lang='lat' dir='ltr'>caussam</span> <span class='ocrx_word' id='word_1_269' title='bbox 288 2302 409 2354; x_wconf 87' lang='lat' dir='ltr'>pauci</span> <span class='ocrx_word' id='word_1_270' title='bbox 433 2303 486 2342; x_wconf 89' lang='lat' dir='ltr'>ad</span> <span class='ocrx_word' id='word_1_271' title='bbox 517 2303 754 2343; x_wconf 87' lang='lat' dir='ltr'>societatem</span> <span class='ocrx_word' id='word_1_272' title='bbox 778 2302 949 2357; x_wconf 86' lang='lat' dir='ltr'>periculi</span> <span class='ocrx_word' id='word_1_273' title='bbox 978 2301 1319 2356; x_wconf 89' lang='lat' dir='ltr'>perducebantur.</span> <span class='ocrx_word' id='word_1_274' title='bbox 1357 2301 1429 2341; x_wconf 89' lang='lat' dir='ltr'>sed</span> 
     </span>
     <span class='ocr_line' id='line_1_36' title="bbox 72 2360 1429 2417; baseline 0.001 -17"><span class='ocrx_word' id='word_1_275' title='bbox 72 2360 199 2410; x_wconf 89' lang='lat' dir='ltr'>Dion,</span> <span class='ocrx_word' id='word_1_276' title='bbox 219 2361 348 2402; x_wconf 85' lang='lat' dir='ltr'>fretus</span> <span class='ocrx_word' id='word_1_277' title='bbox 363 2378 444 2403; x_wconf 88' lang='lat' dir='ltr'>non</span> <span class='ocrx_word' id='word_1_278' title='bbox 458 2371 540 2403; x_wconf 85' lang='lat' dir='ltr'>tam</span> <span class='ocrx_word' id='word_1_279' title='bbox 556 2363 639 2404; x_wconf 88' lang='lat' dir='ltr'>suis</span> <span class='ocrx_word' id='word_1_280' title='bbox 655 2364 783 2417; x_wconf 91' lang='lat' dir='ltr'>copiis</span> <span class='ocrx_word' id='word_1_281' title='bbox 804 2379 929 2416; x_wconf 87' lang='lat' dir='ltr'>quam</span> <span class='ocrx_word' id='word_1_282' title='bbox 944 2364 1038 2404; x_wconf 88' lang='lat' dir='ltr'>odio</span> <span class='ocrx_word' id='word_1_283' title='bbox 1053 2363 1227 2417; x_wconf 81' lang='lat' dir='ltr'>tyranni,</span> <span class='ocrx_word' id='word_1_284' title='bbox 1248 2362 1429 2402; x_wconf 79' lang='lat' dir='ltr'>inaximo</span> 
     </span>
     <span class='ocr_line' id='line_1_37' title="bbox 73 2423 1429 2478; baseline 0 -16"><span class='ocrx_word' id='word_1_285' title='bbox 73 2423 209 2463; x_wconf 83' lang='lat' dir='ltr'>animo</span> <span class='ocrx_word' id='word_1_286' title='bbox 228 2424 388 2464; x_wconf 87' lang='lat' dir='ltr'>duabus</span> <span class='ocrx_word' id='word_1_287' title='bbox 408 2424 602 2464; x_wconf 83' lang='lat' dir='ltr'>onerariis</span> <span class='ocrx_word' id='word_1_288' title='bbox 623 2424 797 2465; x_wconf 87' lang='lat' dir='ltr'>navibus</span> <span class='ocrx_word' id='word_1_289' title='bbox 817 2425 1117 2478; x_wconf 78' lang='lat' dir='ltr'>quinquaginta</span> <span class='ocrx_word' id='word_1_290' title='bbox 1136 2438 1334 2465; x_wconf 83' lang='lat' dir='ltr'>annorum</span> <span class='ocrx_word' id='word_1_291' title='bbox 1353 2423 1429 2462; x_wconf 86' lang='lat' dir='ltr'>im-</span> 
     </span>
     <span class='ocr_line' id='line_1_38' title="bbox 72 2484 1429 2540; baseline -0.001 -16"><span class='ocrx_word' id='word_1_292' title='bbox 72 2485 250 2538; x_wconf 87' lang='lat' dir='ltr'>perium,</span> <span class='ocrx_word' id='word_1_293' title='bbox 278 2485 481 2526; x_wconf 88' lang='lat' dir='ltr'>munitum</span> <span class='ocrx_word' id='word_1_294' title='bbox 507 2486 743 2540; x_wconf 79' lang='lat' dir='ltr'>quingentis</span> <span class='ocrx_word' id='word_1_295' title='bbox 769 2486 903 2539; x_wconf 88' lang='lat' dir='ltr'>longis</span> <span class='ocrx_word' id='word_1_296' title='bbox 930 2485 1117 2534; x_wconf 82' lang='lat' dir='ltr'>navibus,</span> <span class='ocrx_word' id='word_1_297' title='bbox 1145 2486 1287 2525; x_wconf 87' lang='lat' dir='ltr'>decem</span> <span class='ocrx_word' id='word_1_298' title='bbox 1314 2484 1429 2536; x_wconf 91' lang='lat' dir='ltr'>equi-</span> 
     </span>
     <span class='ocr_line' id='line_1_39' title="bbox 71 2547 1424 2602; baseline -0.001 -16"><span class='ocrx_word' id='word_1_299' title='bbox 71 2554 158 2586; x_wconf 89' lang='lat' dir='ltr'>tum</span> <span class='ocrx_word' id='word_1_300' title='bbox 184 2553 431 2601; x_wconf 88' lang='lat' dir='ltr'>centumque</span> <span class='ocrx_word' id='word_1_301' title='bbox 456 2548 640 2602; x_wconf 86' lang='lat' dir='ltr'>peditum</span> <span class='ocrx_word' id='word_1_302' title='bbox 673 2547 856 2594; x_wconf 80' lang='lat' dir='ltr'>milibus,</span> <span class='ocrx_word' id='word_1_303' title='bbox 888 2547 1097 2601; x_wconf 88' lang='lat' dir='ltr'>profectus</span> <span class='ocrx_word' id='word_1_304' title='bbox 1128 2551 1424 2600; x_wconf 82' lang='lat' dir='ltr'>oppugnatum,</span> 
     </span>
     <span class='ocr_line' id='line_1_40' title="bbox 71 2607 1425 2664; baseline 0 -17"><span class='ocrx_word' id='word_1_305' title='bbox 71 2609 180 2661; x_wconf 88' lang='lat' dir='ltr'>quod</span> <span class='ocrx_word' id='word_1_306' title='bbox 206 2609 396 2650; x_wconf 85' lang='lat' dir='ltr'>omnibus</span> <span class='ocrx_word' id='word_1_307' title='bbox 422 2609 614 2664; x_wconf 85' lang='lat' dir='ltr'>gentibus</span> <span class='ocrx_word' id='word_1_308' title='bbox 640 2609 880 2650; x_wconf 84' lang='lat' dir='ltr'>admirabile</span> <span class='ocrx_word' id='word_1_309' title='bbox 906 2615 968 2649; x_wconf 92' lang='lat' dir='ltr'>est</span> <span class='ocrx_word' id='word_1_310' title='bbox 992 2608 1145 2656; x_wconf 90' lang='lat' dir='ltr'>visum,</span> <span class='ocrx_word' id='word_1_311' title='bbox 1179 2608 1281 2648; x_wconf 88' lang='lat' dir='ltr'>adeo</span> <span class='ocrx_word' id='word_1_312' title='bbox 1306 2607 1425 2647; x_wconf 86' lang='lat' dir='ltr'>facilc</span> 
     </span>
     <span class='ocr_line' id='line_1_41' title="bbox 70 2669 1424 2725; baseline -0.002 -14"><span class='ocrx_word' id='word_1_313' title='bbox 70 2671 259 2725; x_wconf 89' lang='lat' dir='ltr'>perculit,</span> <span class='ocrx_word' id='word_1_314' title='bbox 294 2679 337 2711; x_wconf 89' lang='lat' dir='ltr'>ut</span> <span class='ocrx_word' id='word_1_315' title='bbox 367 2679 461 2725; x_wconf 83' lang='lat' dir='ltr'>post</span> <span class='ocrx_word' id='word_1_316' title='bbox 491 2672 601 2711; x_wconf 86' lang='lat' dir='ltr'>diem</span> <span class='ocrx_word' id='word_1_317' title='bbox 632 2671 814 2720; x_wconf 86' lang='lat' dir='ltr'>tertium,</span> <span class='ocrx_word' id='word_1_318' title='bbox 847 2685 971 2724; x_wconf 85' lang='lat' dir='ltr'>quam</span> <span class='ocrx_word' id='word_1_319' title='bbox 1005 2669 1190 2711; x_wconf 83' lang='lat' dir='ltr'>Siciliam</span> <span class='ocrx_word' id='word_1_320' title='bbox 1222 2669 1424 2724; x_wconf 84' lang='lat' dir='ltr'>attigerat,</span> 
     </span>
    </p>

    <p class='ocr_par' dir='ltr' id='par_1_5' title="bbox 139 2735 1141 2771">
     <span class='ocr_line' id='line_1_42' title="bbox 139 2735 1141 2771; baseline 0.002 -6"><span class='ocrx_word' id='word_1_321' title='bbox 139 2738 287 2765; x_wconf 73' lang='lat' dir='ltr'>Cornelius</span> <span class='ocrx_word' id='word_1_322' title='bbox 301 2737 404 2771; x_wconf 70' lang='lat' dir='ltr'>Nepos.</span> <span class='ocrx_word' id='word_1_323' title='bbox 1119 2735 1141 2767; x_wconf 78' lang='lat'><strong>3</strong></span> 
     </span>
    </p>
   </div>
   <div class='ocr_carea' id='block_1_3' title="bbox 1463 1019 1481 1048">
    <p class='ocr_par' dir='ltr' id='par_1_6' title="bbox 1463 1019 1481 1048">
     <span class='ocr_line' id='line_1_43' title="bbox 1463 1019 1481 1048; textangle 90"><span class='ocrx_word' id='word_1_324' title='bbox 1463 1019 1481 1048; x_wconf 70' lang='grc' dir='ltr'>[ὓ</span> 
     </span>
    </p>
   </div>
   <div class='ocr_carea' id='block_1_4' title="bbox 1460 1575 1477 1601">
    <p class='ocr_par' dir='ltr' id='par_1_7' title="bbox 1460 1575 1477 1601">
     <span class='ocr_line' id='line_1_44' title="bbox 1460 1575 1477 1601; baseline 0 0"><span class='ocrx_word' id='word_1_325' title='bbox 1460 1575 1477 1601; x_wconf 66' lang='grc'><strong>4</strong></span> 
     </span>
    </p>
   </div>
   <div class='ocr_carea' id='block_1_5' title="bbox 1459 1697 1478 1725">
    <p class='ocr_par' dir='ltr' id='par_1_8' title="bbox 1459 1697 1478 1725">
     <span class='ocr_line' id='line_1_45' title="bbox 1459 1697 1478 1725; baseline 0 0"><span class='ocrx_word' id='word_1_326' title='bbox 1459 1697 1478 1725; x_wconf 76' lang='grc' dir='ltr'>ὁ</span> 
     </span>
    </p>
   </div>
   <div class='ocr_carea' id='block_1_6' title="bbox 1457 2192 1475 2220">
    <p class='ocr_par' dir='ltr' id='par_1_9' title="bbox 1457 2192 1475 2220">
     <span class='ocr_line' id='line_1_46' title="bbox 1457 2192 1475 2220; baseline 0 0"><span class='ocrx_word' id='word_1_327' title='bbox 1457 2192 1475 2220; x_wconf 82' lang='lat'><strong>2</strong></span> 
     </span>
    </p>
   </div>
   <div class='ocr_carea' id='block_1_7' title="bbox 1455 2315 1474 2343">
    <p class='ocr_par' dir='ltr' id='par_1_10' title="bbox 1455 2315 1474 2343">
     <span class='ocr_line' id='line_1_47' title="bbox 1455 2315 1474 2343; baseline 0 0"><span class='ocrx_word' id='word_1_328' title='bbox 1455 2315 1474 2343; x_wconf 89' lang='lat'><strong>3</strong></span> 
     </span>
    </p>
   </div>
  </div>
 </body>
</html>
