1788 3200
268 692 278 719 1

265 1058 282 1086 10

314 233 339 272 [Ο

758 233 999 270 CORNELII
1026 234 1236 270 NEPOTJS

745 560 778 600 I.
828 558 1234 601 MILTIADES.

385 680 416 719 I.
455 679 681 726 Miltiades,
710 676 897 718 Cimonis
922 677 1049 726 filius,
1075 677 1358 725 Atheniensis,
1386 691 1479 717 cum
1506 683 1546 717 et
1570 677 1672 717 anti-

312 742 466 794 quitate
496 739 660 795 generis
692 746 732 779 et
762 739 894 793 gloria
923 739 1125 779 maiorum
1156 745 1195 779 et
1227 754 1301 779 sua
1331 739 1534 779 modestia
1563 754 1670 779 unus

311 803 493 842 omnium
525 801 704 840 maxime
735 800 898 840 floreret
928 814 1058 852 eaque
1090 806 1200 840 esset
1224 806 1375 848 aetate,
1408 807 1453 840 ut
1476 815 1558 840 non
1589 800 1671 841 iam

311 863 445 903 solnm
470 863 521 903 de
547 877 596 902 eo
621 861 726 902 bene
753 875 930 915 sperare,
958 862 1032 901 sed
1056 861 1178 901 etiam
1205 861 1409 901 confidere
1441 861 1551 902 cives
1576 876 1673 915 pos-

311 932 401 965 sent
420 924 496 972 sui,
523 924 646 964 talem
666 937 760 963 eum
779 922 977 971 futurum,
1004 922 1168 975 qualem
1188 922 1398 977 cognitum
1422 922 1671 962 iudicarunt:

309 986 470 1034 accidit,
496 992 542 1025 ut
566 984 846 1024 Athenienses
874 982 1184 1024 Chersonesum
1209 984 1378 1024 colonos
1404 983 1556 1024 vellent
1580 983 1672 1023 mit-

310 1054 407 1087 tere.
451 1047 568 1087 cuius
598 1046 761 1101 generis
788 1060 882 1086 cum
907 1061 1084 1100 magnus
1110 1060 1306 1086 numerus
1333 1053 1462 1094 esset,
1489 1051 1529 1086 et
1554 1045 1671 1085 multi

310 1109 398 1149 eius
425 1108 734 1163 demigrationis
754 1113 940 1161 peterent
959 1107 1211 1156 societatem,
1239 1122 1290 1148 ex
1315 1107 1378 1148 his
1404 1107 1552 1148 delecti
1570 1106 1674 1147 Del-

310 1171 416 1225 phos
449 1171 721 1211 deliberatum
747 1169 865 1210 missi
891 1176 1005 1219 sunt,
1031 1169 1102 1222 qui
1128 1169 1389 1210 consulerent
1418 1168 1670 1223 Apollinem,

310 1247 392 1285 quo
427 1232 690 1286 potissimum
726 1231 831 1271 duce
867 1237 1089 1271 uterentur.
1144 1245 1322 1284 namque
1364 1237 1452 1271 tum
1488 1230 1673 1271 Thraces

311 1309 380 1334 cas
400 1294 591 1349 regiones
612 1292 819 1341 tenebant,
846 1307 941 1332 cum
961 1292 1111 1345 quibus
1131 1293 1255 1333 armis
1276 1299 1361 1332 erat
1379 1292 1671 1333 dimicandum.

266 1368 284 1395 3
311 1356 375 1396 his
401 1354 712 1396 consulentibus
742 1354 985 1394 nominatim
1010 1353 1164 1408 Pythia
1188 1354 1415 1408 praecepit,
1448 1360 1494 1394 ut
1516 1353 1673 1394 Miltia-

267 2294 285 2322 13

311 1418 405 1457 dem
436 1417 726 1471 imperatorem
757 1415 837 1456 sibi
868 1422 1094 1456 sumerent:
1130 1415 1174 1455 id
1205 1415 1240 1455 si
1264 1415 1479 1464 fecissent,
1510 1415 1674 1469 incepta

309 1493 506 1532 prospera
535 1478 687 1518 futura.
729 1477 808 1517 hoc
838 1477 992 1518 oraculi
1016 1491 1216 1531 responso
1240 1476 1452 1517 Miltiades
1484 1491 1579 1518 cum
1604 1477 1674 1517 de-

309 1541 415 1580 lecta
440 1555 564 1580 manu
590 1539 723 1580 classe
745 1538 1055 1580 Chersonesum
1079 1538 1289 1593 profectus
1315 1553 1410 1579 eum
1429 1538 1673 1579 accessisset

308 1603 519 1642 Lemnum
545 1608 585 1642 et
614 1601 771 1642 incolas
803 1601 891 1641 eius
917 1600 1076 1641 insulae
1108 1600 1185 1641 sub
1216 1607 1463 1655 potestatem
1487 1601 1673 1655 redigere

309 1664 433 1704 vellet
462 1663 802 1711 Atheniensium,
840 1663 964 1716 idque
994 1662 1164 1703 Lemnii
1196 1677 1271 1703 sua
1302 1669 1447 1717 sponte
1477 1662 1672 1710 facerent,

310 1725 580 1779 postulasset,
613 1724 672 1765 illi
701 1724 916 1764 irridentes
942 1725 1260 1778 responderunt,
1293 1730 1380 1764 tum
1405 1724 1448 1764 id
1473 1739 1517 1765 se
1543 1724 1673 1764 factu-

309 1803 396 1837 ros,
434 1803 529 1828 cum
560 1788 628 1828 ille
658 1788 781 1828 domo
813 1788 988 1829 navibus
1025 1788 1290 1843 proficiscens
1322 1794 1445 1829 vento
1482 1789 1672 1841 aquilone

309 1850 492 1890 venisset
522 1850 745 1890 Lemnum.
801 1850 867 1890 hic
903 1850 1012 1890 enim
1048 1857 1195 1891 ventus
1233 1850 1285 1891 ab
1323 1851 1672 1905 septentrionibus

275 1924 284 1951 5
313 1913 447 1952 oriens
474 1912 695 1952 adversum
721 1918 831 1952 tenet
850 1911 1028 1953 Athenis
1053 1912 1423 1967 proficiscentibus.
1459 1912 1672 1953 Miltiades

309 1974 498 2014 morandi
523 1981 685 2028 tempus
705 1989 788 2015 non
807 1974 964 2015 habens
984 1989 1151 2015 cursum
1170 1973 1331 2023 direxit,
1358 1988 1440 2027 quo
1465 1974 1671 2024 tendebat,

310 2036 581 2090 pervenitque
608 2036 930 2077 Chersonesum.

378 2098 436 2138 II.
475 2098 541 2138 Ibi
568 2098 683 2138 brevi
707 2105 891 2152 tempore
916 2098 1186 2139 barbarorum
1212 2098 1341 2152 copiis
1367 2098 1562 2147 disiectis,
1589 2104 1675 2139 tota

311 2159 492 2213 regione,
519 2174 643 2212 quam
668 2160 854 2214 petierat,
880 2160 1048 2214 potitus,
1075 2160 1167 2201 loca
1191 2160 1371 2200 castellis
1396 2160 1544 2200 idonea
1562 2174 1673 2200 com-

312 2221 471 2270 muniit,
498 2221 815 2270 multitudinem,
841 2235 967 2275 quam
998 2236 1139 2262 secum
1164 2221 1355 2269 duxerat,
1387 2221 1429 2260 in
1454 2221 1565 2275 agris
1591 2221 1674 2261 co]-

312 2282 463 2323 locavit
482 2282 717 2336 crebrisque
737 2282 1050 2324 excursionibus
1070 2282 1347 2337 locupletavit.
1384 2296 1518 2335 neque
1538 2282 1674 2322 minus

313 2344 355 2384 in
381 2359 430 2384 ea
453 2358 496 2384 re
521 2344 739 2398 prudentia
763 2359 888 2398 quam
912 2345 1108 2386 felicitate
1139 2345 1304 2385 adiutus
1331 2350 1405 2385 est.
1453 2359 1551 2384 nam
1581 2359 1674 2385 cum

314 2406 466 2446 virtute
480 2406 655 2446 militum
671 2406 892 2447 devicisset
909 2407 1092 2448 hostium
1114 2407 1331 2455 exercitus,
1354 2421 1517 2447 summa
1536 2407 1676 2459 aequi-

317 2474 397 2508 tate
434 2482 498 2508 res
541 2468 752 2508 constituit
792 2474 915 2521 atque
956 2469 1045 2523 ipse
1081 2468 1235 2509 ibidem
1278 2482 1444 2509 manere
1480 2468 1672 2508 decrevit.

271 2542 289 2569 if»
316 2537 401 2571 crat
426 2530 534 2571 enim
566 2530 671 2570 inter
702 2544 772 2570 cos
804 2530 1002 2585 dignitate
1034 2532 1165 2586 regia,
1198 2531 1387 2584 quamvis
1413 2529 1578 2571 carebat
1603 2544 1675 2569 no-

316 2593 442 2640 mine,
476 2606 609 2644 neque
640 2591 683 2631 id
708 2592 842 2645 magis
873 2592 1046 2646 imperio
1078 2608 1203 2646 quam
1232 2593 1388 2634 iustitia
1413 2597 1671 2632 consecutus.

316 2668 449 2705 neque
481 2669 529 2693 eo
562 2655 696 2693 secius
723 2653 1069 2703 Atheniensibus,
1101 2671 1126 2696 a
1150 2656 1300 2708 quibus
1332 2661 1418 2695 crat
1447 2653 1671 2708 profectus,
1721 2670 1723 2672 ·

319 2715 455 2754 officia
495 2715 741 2768 praestabat.
805 2716 954 2768 quibus
990 2716 1113 2757 rebus
1149 2716 1291 2764 fiebat,
1329 2723 1373 2755 ut
1414 2730 1496 2756 non
1537 2715 1671 2756 minus
