1741 3184
637 248 884 284 EUMENES.
1381 243 1436 284 65

88 324 235 364 nacula
258 329 400 378 posset
423 321 638 376 perveniri.
677 336 848 374 quarum
869 323 1032 366 brevior
1055 340 1128 380 per
1151 326 1241 368 loca
1260 327 1433 376 deserta,
1461 341 1480 368 5

88 399 194 438 quae
218 399 338 425 nemo
363 382 566 424 incolebat
589 388 756 436 propter
775 398 906 435 aquae
932 385 1124 439 inopiam,
1152 394 1330 429 ceterum
1350 389 1454 429 die-.

85 461 178 487 rum
203 452 288 486 erat
312 445 396 485 fere
421 443 563 484 decem
572 459 583 492 3
608 443 678 483 illa
698 450 847 492 autem,
874 459 956 497 qua
974 460 1115 487 omnes
1136 449 1432 499 commeabant,

86 506 212 547 altero
231 512 342 546 tanto
364 503 591 558 longiorem
605 503 785 544 habebat
804 504 1047 555 anfractum,
1075 508 1148 548 sed
1168 515 1254 549 erat
1267 510 1435 563 copiosa

86 567 349 619 omniumque
373 580 509 606 rerum
534 565 761 609 abundans.
798 566 876 607 hac
896 566 930 607 si
954 567 1291 621 proficisceretur,
1317 571 1434 611 intel·
1459 585 1477 614 6

83 627 238 683 ligebat
261 627 373 682 prius
399 627 655 668 adversarios
674 627 894 669 rescituros
920 629 970 668 de
991 644 1066 669 suo
1092 630 1283 680 adventu,
1310 645 1433 684 quam

83 690 172 744 ipse
197 689 358 729 tertiam
387 694 545 742 partem
570 688 817 729 confecisset
840 689 995 730 itineris
1004 706 1015 739 3
1048 691 1111 731 sin
1135 706 1209 745 per
1231 691 1322 732 loca
1347 693 1434 733 sola

84 750 363 799 contenderet,
398 749 589 804 sperabat
614 764 658 790 se
688 750 990 804 imprudentem
1021 751 1183 792 hostem
1213 767 1432 807 oppressu-

82 827 186 852 rum.
224 812 277 852 ad
301 811 407 852 hanc
426 826 512 852 rem
532 811 826 852 conficiendam
851 812 1066 866 imperavit
1084 828 1209 866 quam
1232 815 1430 868 plurimos
1458 829 1473 857 7

82 880 193 914 utres
219 880 340 926 atque
373 872 495 913 etiam
520 873 673 914 culleos
700 874 944 927 comparari,
976 881 1071 928 post
1094 875 1196 915 haec
1221 875 1429 929 pabulum,

81 940 292 988 praeterea
322 934 475 974 cibaria
504 940 619 975 cocta
649 934 806 974 dierum
838 935 999 984 decem,
1037 942 1082 976 ut
1111 950 1235 988 quam
1265 937 1431 977 minime

82 996 197 1036 fieret
225 995 333 1050 ignis
358 995 399 1035 in
424 995 581 1036 castris.
627 994 762 1049 [item]
789 996 882 1045 iter,
921 997 1031 1049 quod
1055 997 1250 1046 habebat,
1289 1012 1430 1038 omnes

82 1056 197 1096 celat.
236 1056 294 1096 sic
317 1062 497 1109 paratus,
524 1070 605 1107 qua
630 1056 906 1105 constituerat,
932 1057 1216 1110 proficiscitur.

148 1117 230 1157 IX.
267 1116 499 1156 Dimidium
531 1117 615 1156 fere
648 1117 823 1170 spatium
851 1117 1095 1167 confecerat,
1122 1133 1215 1158 cum
1240 1134 1292 1160 ex
1317 1118 1430 1159 fumo
1460 1134 1472 1161 1

81 1184 306 1218 castrorum
337 1178 424 1218 eius
458 1177 636 1231 suspicio
668 1178 790 1218 allata
820 1184 882 1229 est
907 1178 958 1218 ad
982 1178 1233 1228 Eumenem,
1271 1179 1431 1220 hostem

80 1239 420 1293 appropinquare.
457 1239 704 1279 conveniunt
723 1239 848 1279 duces
857 1255 867 1288 3
894 1254 1100 1292 quaerere,
1127 1240 1225 1293 quid
1250 1255 1353 1295 opus
1380 1242 1432 1282 sit

80 1300 202 1340 facto.
249 1299 533 1354 intelligebant
558 1314 717 1348 omnes,
751 1306 834 1339 tam
866 1300 1049 1340 celeriter
1079 1301 1217 1354 copias
1248 1301 1429 1355 ipsorum

81 1361 265 1401 contrahi
291 1376 373 1401 non
396 1375 532 1414 posse,
559 1375 683 1413 quam
707 1359 945 1415 AntIgonus
971 1362 1174 1402 affuturus
1200 1362 1428 1403 videbatur.

79 1422 146 1462 hic
165 1422 355 1462 omnibus
386 1421 656 1462 titubantibus
683 1427 721 1461 et
747 1421 796 1461 de
828 1421 950 1462 rebus
978 1423 1148 1462 summis
1174 1423 1429 1476 desperanti-

79 1484 156 1525 bus
181 1484 390 1524 Eumenes
422 1483 495 1532 ait,
528 1483 562 1523 si
593 1483 840 1523 celeritatem
865 1484 991 1524 velint
1014 1483 1207 1524 adhibere
1233 1490 1272 1524 et
1302 1484 1430 1537 impe-

78 1552 167 1586 rata
190 1545 343 1594 facere,
376 1545 486 1598 quod
511 1550 604 1584 ante
629 1559 711 1584 non
735 1544 923 1593 fecerint,
951 1559 994 1585 se
1019 1559 1105 1584 rem
1130 1545 1427 1598 expediturum.

79 1623 174 1648 nam
199 1607 309 1660 quod
333 1606 477 1647 diebus
503 1606 682 1658 quinque
706 1605 835 1646 hostis
863 1606 1058 1646 transisse
1082 1612 1235 1660 posset,
1263 1620 1306 1646 se
1332 1606 1430 1646 effe-

78 1675 250 1717 cturum,
276 1674 322 1708 ut
345 1683 428 1708 non
453 1667 587 1708 minus
614 1667 783 1707 totidem
803 1667 960 1707 dierum
986 1668 1117 1721 spatio
1137 1668 1427 1708 retardaretur:

78 1744 204 1782 quare
234 1729 510 1778 circumirent,
550 1743 646 1768 suas
678 1729 852 1781 quisque
889 1729 1146 1769 contraheret
1175 1729 1327 1782 copias.
1377 1729 1427 1768 ad
1454 1743 1472 1769 3

77 1790 279 1845 Antigoni
297 1796 434 1830 autem
452 1789 742 1830 refrenandum
762 1790 960 1843 impetum
979 1790 1058 1830 tale
1078 1789 1186 1843 capit
1199 1789 1426 1829 consilium.

77 1857 208 1892 certos
234 1851 356 1891 mittit
380 1851 566 1891 homines
592 1851 645 1891 ad
674 1850 836 1890 infimos
868 1860 1046 1899 montes,
1079 1850 1149 1902 qui
1174 1849 1285 1890 obvii
1316 1857 1430 1890 erant

76 1911 210 1952 itineri
240 1911 587 1960 adversariorum,
624 1911 770 1963 hisque
802 1911 1017 1964 praecipit,
1054 1917 1100 1950 ut
1134 1911 1267 1964 prima
1296 1917 1427 1959 nocte,

76 1988 201 2027 quam
225 1973 425 2014 latissime
449 1973 627 2027 possint,
667 1973 784 2027 ignes
810 1973 964 2012 faciant
988 1987 1112 2025 quam
1138 1973 1339 2012 maximos
1370 1979 1430 2012 at-

75 2049 156 2087 que
185 2035 261 2076 hos
294 2035 474 2075 secunda
504 2034 646 2089 vigilia
675 2034 878 2082 minuant,
911 2034 1029 2074 tertia
1058 2033 1306 2088 perexiguos
1336 2033 1428 2073 red-
1453 2045 1472 2073 4

75 2097 174 2136 dant
209 2102 250 2137 et
279 2095 520 2136 assimulata
558 2102 785 2136 castrorum
824 2095 1120 2135 consuetudine
1152 2094 1427 2148 suspicionem

76 2157 260 2198 iniiciant
289 2156 496 2205 hostibus,
534 2156 598 2197 his
623 2157 724 2197 locis
757 2170 848 2196 esse
879 2162 1014 2196 castra
1038 2170 1086 2196 ac
1110 2156 1161 2196 de
1192 2170 1333 2195 eorum
1358 2155 1429 2195 ad-

75 2224 201 2259 ventu
225 2232 316 2259 esse
343 2217 692 2272 praenuntiatum3
718 2218 910 2270 idemque
934 2223 1100 2271 postera
1118 2223 1237 2257 nocte
1263 2216 1426 2256 faciant.

77 2279 226 2332 quibus
251 2279 497 2332 imperatum
522 2285 620 2327 erat,
646 2279 863 2332 diligenter
880 2284 1145 2332 praeceptum
1159 2283 1314 2318 curant.
1338 2276 1429 2316 An-
1453 2289 1472 2315 ‚3

75 2340 240 2394 tigonus
267 2339 444 2380 tenebris
470 2339 625 2380 obortis
655 2340 773 2393 ignes
799 2340 1078 2393 conspicatur3
1110 2339 1249 2387 credit,
1276 2339 1326 2377 de
1353 2352 1427 2377 suo

76 2401 256 2441 adventu
280 2414 371 2441 esse
396 2400 580 2440 auditum
601 2406 640 2440 et
658 2400 915 2440 adversarios
941 2400 1037 2440 illuc
1057 2415 1153 2440 suas
1176 2398 1426 2440 contraxisse

77 2461 228 2515 copias.
266 2466 397 2500 mutat
415 2460 632 2500 consilium
652 2466 704 2509 et,
731 2461 925 2512 quoniam
951 2461 1252 2514 imprudentem
1277 2459 1426 2499 adoriri
1452 2470 1470 2498 6

75 2537 157 2563 non
181 2527 333 2576 posset,
359 2521 485 2561 flectit
508 2521 585 2561 iter
610 2535 729 2561 suum
749 2527 789 2560 et
813 2521 927 2560 illum
947 2521 1176 2569 anfractum
1200 2521 1427 2573 longiorem

76 2583 267 2637 copiosae
293 2582 384 2622 viae
409 2581 518 2636 capit
547 2581 685 2634 ibique
711 2582 819 2622 diem
842 2596 977 2637 ‚unum
1002 2582 1210 2635 opperitur
1234 2581 1286 2621 ad
1310 2580 1427 2620 lassi-

75 2646 259 2687 tudinem
285 2644 508 2685 sedandam
534 2644 706 2685 militum
732 2658 779 2684 ac
803 2644 1022 2684 reficienda
1047 2645 1239 2691 iumenta,
1265 2656 1346 2695 quo
1365 2641 1426 2682 in-

77 2707 250 2762 tegriore
277 2706 456 2746 exercitu
481 2706 727 2747 decerneret.

144 2772 291 2799 Cornelius
307 2770 408 2802 Nepos.
1122 2769 1143 2801 5

1454 1438 1472 1465 [ὓ
