1788 3200
292 167 344 207 72
726 169 966 204 CORNELII
985 169 1196 205 NEPOTIS

289 263 413 302 quam
438 262 481 287 se
505 247 547 286 in
568 260 616 285 ca
634 259 677 284 re
702 245 879 285 maxime
905 244 982 285 diis
1007 259 1129 300 agere
1153 245 1304 301 gratias
1324 252 1445 299 atque
1470 246 1632 298 habere,

288 309 411 362 quod,
439 321 532 348 cum
559 304 743 347 Siciliam
767 319 950 346 recreare
976 306 1294 355 constituissent,
1327 313 1413 347 tum
1439 322 1482 349 se
1506 309 1635 362 potis-

243 387 263 414 4
289 371 438 411 simum
462 369 609 408 ducem
635 381 726 408 esse
757 367 994 408 voluissent.
1041 367 1144 409 nihil
1181 369 1289 409 enim
1324 383 1460 409 rerum
1488 369 1634 410 huma-

240 629 256 658 1

237 812 256 841 2

233 2220 251 2248 10

233 2650 249 2662 ι)

233 2664 249 2678 ο

285 445 430 471 narum
467 429 554 471 sine
590 429 760 470 deorum
794 429 961 470 numine
996 429 1083 484 geri
1123 429 1306 484 putabat.
1359 430 1497 483 itaque
1534 444 1633 472 suae

286 491 398 532 domi
418 490 613 532 sacellum
636 486 915 543 Αὐτοματίας
939 491 1203 531 constituerat
1225 491 1348 544 idque
1375 491 1632 533 sanctissime

284 553 456 595 colebat.

350 613 403 656 V.
439 613 511 654 Ad
540 613 647 654 hanc
675 613 854 654 hominis
879 613 1145 653 excellentem
1169 612 1392 654 bonitatem
1422 613 1630 655 mirabiles

282 681 540 717 accesserant
561 689 695 715 casus.
732 689 828 714 nam
846 674 1002 728 proelia
1019 673 1199 714 maxima
1210 674 1336 714 natali
1355 689 1430 716 suo
1449 675 1514 716 die
1533 675 1631 716 fecit

282 737 438 786 omnia,
469 750 551 789 quo
576 735 731 776 factum
758 741 837 784 est,
863 740 909 774 ut
933 735 1021 775 eius
1046 735 1155 775 diem
1180 735 1357 775 natalem
1382 735 1534 776 festum
1558 736 1631 776 ha-

282 797 396 838 beret
431 797 623 837 universa
660 794 813 837 Sicilia.
861 794 957 836 huic
992 795 1159 848 quidam
1193 795 1470 849 Laphystius,
1507 796 1630 837 homo

279 858 468 913 petulans
500 863 540 898 et
574 857 779 912 ingratus,
815 856 1097 897 vadimonium
1128 871 1221 897 cum
1252 857 1373 897 vellet
1407 857 1629 911 imponere,

280 919 392 973 quod
417 933 511 960 cum
534 918 604 959 illo
630 932 674 958 se
698 917 789 973 lege
815 932 937 973 agere
962 918 1127 967 diceret,
1154 924 1193 958 et
1212 918 1441 972 complures
1461 932 1631 959 concur-

279 981 442 1030 rissent,
469 979 539 1033 qui
562 979 854 1034 procacitatem
878 978 1056 1020 hominis
1081 978 1272 1020 manibus
1298 982 1484 1020 coercere
1509 993 1631 1020 cona-

279 1047 438 1090 rentur,
464 1040 681 1082 Timoleon
706 1041 836 1081 oravit
866 1055 1026 1089 omnes,
1063 1055 1115 1081 ne
1139 1040 1183 1080 id
1211 1040 1404 1081 facerent.
1451 1055 1630 1094 namque

278 1103 322 1144 id
345 1109 390 1143 ut
402 1102 636 1156 Laphystio
661 1108 701 1142 et
719 1102 849 1142 cuivis
874 1101 1025 1151 liceret,
1053 1116 1097 1142 se
1116 1102 1318 1143 maximos
1337 1101 1498 1143 labores
1518 1116 1630 1142 sum-

279 1178 427 1218 maque
447 1164 598 1205 adiisse
615 1163 808 1217 pericula.
844 1163 951 1203 hanc
971 1163 1079 1203 enim
1100 1164 1279 1217 speciem
1302 1163 1500 1204 libertatis
1521 1177 1626 1213 esse,

280 1226 315 1266 si
339 1225 547 1274 omnibus,
574 1219 682 1278 quod
707 1225 883 1277 quisque
906 1224 1041 1273 vellet,
1077 1224 1239 1280 legibus
1271 1225 1446 1279 experiri
1474 1225 1627 1266 liceret.

278 1287 400 1336 idem,
427 1301 521 1327 cum
540 1286 707 1339 quidam
719 1286 942 1340 Laphystii
967 1286 1125 1335 similis,
1150 1286 1316 1327 nornine
1328 1286 1626 1335 Demaenetus,

277 1349 320 1389 in
345 1348 533 1389 contione
556 1347 699 1401 populi
729 1347 779 1387 de
808 1346 932 1387 rebus
956 1347 1086 1401 gestis
1117 1347 1204 1388 eius
1236 1347 1446 1388 detrahere
1472 1348 1629 1401 coepis-

280 1414 342 1450 set
366 1423 415 1449 ac
438 1407 635 1449 nonnulla
652 1407 913 1448 inveheretur
936 1407 979 1448 in
992 1407 1265 1457 Timoleonta,
1292 1408 1405 1456 dixit,
1431 1422 1539 1448 nunc
1558 1408 1629 1448 de-

278 1485 392 1510 mum
419 1483 462 1510 se
487 1469 572 1510 voti
603 1483 694 1509 esse
720 1469 976 1509 damnatum:
1007 1483 1184 1522 namque
1209 1469 1287 1510 hoc
1312 1484 1336 1510 a
1360 1469 1437 1509 diis
1462 1469 1629 1509 immor-

278 1531 428 1571 talibus
460 1544 622 1584 semper
649 1536 879 1584 precatum,
911 1535 957 1570 ut
987 1530 1111 1571 talem
1140 1530 1370 1571 libertatem
1394 1530 1627 1571 restitueret

279 1591 573 1646 Syracusanis,
605 1591 647 1631 in
672 1605 754 1644 qua
778 1591 908 1632 cuivis
933 1591 1090 1641 liceret,
1117 1591 1167 1632 de
1192 1606 1274 1645 quo
1298 1591 1433 1641 vellet,
1459 1591 1626 1645 impune

277 1654 424 1694 dicere.
461 1653 529 1694 hic
553 1667 646 1694 curn
671 1653 781 1693 diem
807 1667 1044 1707 supremum
1069 1653 1237 1703 obisset,
1262 1653 1426 1708 publice
1451 1668 1476 1693 a
1501 1651 1628 1707 Syra-

278 1715 442 1755 cusanis
467 1715 523 1754 im
547 1715 777 1769 gymnasio,
804 1715 915 1768 quod
928 1715 1259 1757 Timoleonteum
1278 1714 1517 1770 appellatur,
1543 1719 1628 1755 tota

277 1776 506 1817 celebrante
533 1774 675 1817 Sicilia
700 1775 883 1829 sepultus
909 1782 982 1817 est.

636 1920 769 1961 XXI.
816 1921 905 1961 DE
936 1919 1257 1963 REGIBUS.

345 2022 379 2062 Ι.
417 2021 477 2062 Ηί
502 2020 588 2062 fere
613 2020 780 2062 fuerunt
799 2020 984 2063 Graecae
1008 2022 1143 2076 gentis
1169 2021 1308 2071 duces,
1335 2022 1404 2075 qui
1430 2021 1626 2062 memoria

276 2083 390 2138 digni
414 2083 646 2132 videantur,
678 2090 839 2137 practer
861 2098 994 2139 roges.
1030 2098 1207 2137 namque
1233 2099 1302 2125 cos
1328 2085 1527 2138 attingere
1552 2097 1626 2123 no-

275 2144 447 2193 luimus,
480 2145 590 2197 quod
615 2145 796 2184 omniurn
830 2160 896 2185 res
921 2150 1063 2199 gestae
1090 2146 1308 2199 separatim
1341 2151 1436 2186 sunt
1458 2144 1622 2185 relatae.

278 2219 412 2258 neque
449 2211 587 2245 tamen
621 2205 663 2245 hi
700 2206 921 2247 admodum
959 2212 1053 2245 sunt
1089 2206 1217 2246 multi.
1265 2205 1622 2247 Lacedaemonius

275 2275 413 2307 autem
425 2265 650 2321 Agesilaus
676 2267 853 2316 nominc,
879 2282 962 2307 non
985 2273 1188 2321 potestate
1213 2267 1291 2307 fuit
1316 2283 1400 2315 rex,
1429 2267 1535 2308 sicut
1559 2282 1624 2307 ce-

278 2328 353 2369 teri
381 2326 585 2382 Spartani.
629 2342 680 2368 ex
704 2329 768 2368 his
793 2344 909 2378 vcro,
940 2329 1011 2382 qui
1036 2329 1288 2369 dominatum
1312 2329 1483 2383 imperio
1508 2334 1625 2369 tenu-

276 2396 405 2440 erunt,
432 2390 763 2431 excellentissimi
783 2391 961 2440 fuerunt,
981 2397 1026 2432 ut
1044 2406 1118 2432 nos
1138 2392 1381 2440 iudicamus,
1401 2391 1623 2431 Persarum

278 2453 414 2507 Cyrus
435 2460 473 2493 et
485 2452 653 2501 Darius,
679 2452 884 2507 Hystaspi
907 2452 1028 2502 filius,
1055 2467 1229 2506 quorum
1247 2459 1417 2505 uterque
1437 2453 1621 2506 privatus

276 2515 424 2555 virtute
443 2528 616 2569 rognum
636 2520 698 2555 cst
716 2514 901 2568 adeptus.
938 2515 1049 2568 prior
1066 2514 1211 2555 horum
1230 2515 1340 2569 apud
1358 2514 1621 2568 Massagetas

276 2575 316 2614 in
340 2575 495 2629 proelio
521 2574 685 2625 cecidit3
709 2575 865 2616 Darius
892 2582 1099 2616 senectute
1119 2576 1226 2616 diem
1245 2575 1345 2617 obiit
1371 2589 1619 2629 supremum.

278 2642 357 2677 tros
384 2643 478 2678 sunt
501 2643 712 2691 praeterea
736 2637 919 2678 eiusdem
945 2638 1119 2692 generis,
1145 2637 1311 2679 Xerxes
1338 2644 1377 2678 et
1401 2637 1483 2678 duo
1496 2635 1619 2676 Arta-
