1741 3184
141 504 321 540 BREVIS
348 502 652 539 DESCRIPTIO
680 504 965 540 TEMPORUM
989 506 1167 541 RERUM
1194 506 1483 550 GESTARUM‚

92 651 186 676 mehr.
195 658 222 675 n.

112 695 178 728 560

111 744 179 778 530

111 794 176 827 521

112 843 179 877 508

112 894 178 927 507

112 994 180 1028 500

113 1043 181 1079 490

113 1143 180 1178 489

112 1194 180 1228 486

112 1244 180 1278 483

113 1344 180 1378 480

115 1595 181 1630 479

115 1695 183 1729 478

116 1795 182 1829 477

118 2046 183 2080 471

119 2147 186 2180 470

119 2196 185 2230 469
213 2170 217 2226 Ι

119 2246 185 2279 467

119 2296 187 2330 466

120 2345 188 2379 464

121 2396 189 2429 460
217 2405 218 2409 =

121 2445 188 2479 455

123 2545 190 2579 450

124 2645 189 2680 449

443 582 538 610 QUAE
558 582 581 604 A
602 583 777 605 CORNELIO
798 579 943 606 NEPOTE'
956 583 1182 606 NARRANTUR.

236 694 454 728 Pisistratus
467 698 647 738 tyrannus
661 695 943 729 Atheniensium
967 695 1058 728 Min.
1073 695 1104 736 8,
1122 696 1152 730 1.

238 743 356 789 Cyrus
369 745 406 778 in
420 744 519 779 bello
536 749 664 779 contra
678 745 914 789 Massagetas
929 750 1103 789 suscepto
1119 746 1215 789 perit
1237 746 1321 790 Jeeq.
1336 746 1369 790 1,
1382 745 1415 780 2.

236 795 374 829 Darius
389 793 575 839 Cambysi,
592 793 677 840 Cyri
690 794 781 839 filio,
801 795 838 828 in
852 806 968 840 regno
984 795 1151 830 succedit
1174 796 1260 840 Req.
1275 797 1306 840 1,
1320 795 1353 830 2.

238 845 374 879 Darius
390 843 538 889 Scythis
552 845 690 879 bellum
705 845 818 880 infert
841 845 934 879 Milz.
948 846 981 889 3,
997 846 1027 879 1.

239 895 427 929 Miltiades
448 893 720 929 Chersonesum
746 895 922 940 relinquit
945 906 990 929 ac
1008 907 1137 929 rursus
1157 894 1326 929 Athenas
1353 895 1534 940 demigrat

282 946 375 979 Milz.
389 945 422 988 3,
437 945 468 978 6.

238 995 350 1029 Iones
365 995 500 1029 auxilio
515 994 798 1030 Atheniensium
815 995 950 1029 Sardes
966 999 1184 1039 expugnant
1206 996 1299 1029 Mile.
1312 995 1346 1039 4,
1361 996 1392 1029 1.

238 1045 344 1079 Darii
365 1049 494 1079 contra
509 1044 675 1079 Graecos
696 1045 881 1089 expeditio
901 1049 939 1079 et
957 1045 995 1078 in
1013 1056 1141 1089 pugna
1154 1045 1390 1079 Marathonia
1410 1045 1535 1079 clades

285 1095 335 1139 (d.
350 1095 404 1128 25.
418 1106 533 1129 mens.
548 1094 770 1141 Septembr.)
796 1095 889 1128 Milt.
903 1094 926 1127 4
941 1105 994 1138 sq.

240 1145 427 1178 Miltiades
442 1148 640 1178 accusatur
654 1149 690 1178 et
704 1144 894 1178 coniectus
909 1144 946 1178 in
961 1144 1108 1177 vincula
1122 1144 1217 1177 diem
1232 1143 1311 1178 obit
1334 1144 1427 1178 Milz.
1443 1144 1473 1178 7.

239 1195 383 1228 Xerxes
397 1193 526 1234 Dario,
541 1194 721 1239 Hystaspi
735 1193 825 1237 filio,
841 1193 879 1227 in
891 1204 1007 1238 regno
1024 1193 1192 1228 succedit
1215 1195 1300 1238 Rey.
1318 1194 1348 1237 1,
1362 1194 1394 1227 2.

238 1244 422 1278 Aristides
440 1256 507 1289 per
526 1245 782 1278 ostracismum
802 1244 838 1278 in
858 1244 1006 1278 exilium
1024 1243 1170 1278 eiicitur
1192 1245 1299 1277 Arist.
1321 1245 1352 1287 1,
1373 1245 1405 1278 2.
1441 1244 1535 1277 The-

283 1294 473 1329 mistocles
486 1298 634 1339 portum
642 1293 788 1328 Piraeei
802 1298 839 1328 et
852 1294 1009 1328 classem
1021 1304 1157 1328 novam
1171 1294 1343 1328 aedificat
1354 1294 1535 1336 leevz.2,2.

240 1345 383 1379 Xerxes
398 1344 592 1378 universae
605 1345 778 1389 Europae
792 1345 930 1379 bellum
944 1343 1056 1378 infert
1072 1345 1182 1377 Them.
1193 1344 1225 1387 2,
1234 1343 1265 1377 4.
1292 1344 1424 1388 Pugna
1438 1344 1535 1387 apud

285 1394 558 1438 Thermopylas
573 1393 784 1439 (d.6.mens.
794 1394 878 1439 Iul.)
892 1394 1021 1437 3,1.ad
1030 1393 1264 1427 Artemisium
1279 1393 1311 1436 3,
1321 1393 1352 1427 2.
1365 1392 1536 1427 Athenae

284 1455 308 1479 a.
320 1444 444 1478 Persis
458 1444 632 1477 incensae
646 1443 678 1486 4,
694 1444 725 1477 1.
755 1442 938 1478 Aristides
953 1447 1040 1478 ante
1054 1448 1198 1487 tempus
1211 1443 1249 1476 in
1263 1443 1418 1487 patriam
1431 1453 1537 1477 revo-

286 1499 390 1528 catur
414 1496 520 1528 Arist.
535 1495 567 1538 1,
587 1493 619 1527 5.
666 1494 801 1539 Pugna
822 1493 1023 1528 Salaminia
1046 1495 1097 1536 (d.
1117 1494 1171 1528 23.
1184 1504 1298 1527 mens.
1314 1492 1535 1538 Septembr.)

288 1546 401 1578 Tliem.
414 1544 448 1588 4,
462 1544 494 1578 5.

241 1593 424 1628 Aristides
440 1598 477 1628 et
489 1594 697 1629 Pausanias
711 1593 947 1628 Mardonium
961 1594 1060 1638 apud
1074 1594 1250 1628 Plataeas
1264 1593 1416 1627 vincunt
1428 1593 1534 1625 Arist.

285 1645 318 1687 2,
334 1645 365 1678 1.
389 1645 495 1678 Pam.
511 1645 542 1686 1,
559 1644 590 1678 2.

242 1694 491 1729 Athenienses
506 1694 768 1729 Themistoclis
784 1694 940 1728 consilio
954 1704 1079 1727 muros
1095 1704 1181 1728 suos
1195 1693 1396 1727 restituunt
1421 1694 1534 1726 Them.

288 1745 320 1787 6,
336 1745 367 1778 1.

241 1794 491 1829 Athenienses
517 1794 780 1829 Themistoclis
812 1793 967 1828 consilio
992 1797 1140 1837 portum
1164 1792 1311 1827 Piraeei
1340 1791 1539 1836 perficiunt

289 1846 402 1878 leem.
418 1846 450 1889 6,
466 1846 496 1879 1.
531 1844 757 1879 Pausaniam
772 1855 852 1878 cum
867 1845 994 1883 ‚classe
1015 1843 1195 1877 communi
1211 1842 1372 1887 Cyprum
1393 1843 1539 1875 mittunt

287 1895 392 1928 Pctus.
408 1895 438 1938 1,
452 1894 485 1928 4.
522 1893 698 1928 Aristidis
712 1894 902 1939 aequitate
923 1893 1153 1938 principatus
1169 1892 1349 1927 Graeciae
1365 1893 1412 1926 ad
1426 1893 1538 1925 Athe-

287 1945 436 1979 nienses
452 1944 618 1979 defertur
630 1945 817 1988 Arz'st.2,2.
837 1944 1014 1978 Eiusdem
1028 1954 1141 1988 opera
1156 1953 1347 1977 commune
1358 1941 1538 1976 Graeciae

289 1995 467 2029 aerarium
483 1994 569 2029 Deli
583 1995 821 2029 constituitur
840 1995 946 2027 Arist.
959 1994 992 2036 3,
1006 1993 1037 2026 4.

243 2045 516 2079 Themistocles
530 2045 686 2080 Athenis
707 2046 882 2089 expulsus
903 2044 950 2079 ad
964 2043 1207 2078 Artaxerxem
1227 2042 1399 2087 confugit
1425 2043 1536 2075 leem.

288 2096 321 2138 8,
336 2095 368 2129 9.

245 2144 375 2179 Cimon
388 2145 523 2179 Persas
544 2149 642 2180 terra
662 2145 826 2190 marique
840 2156 915 2179 uno
931 2144 1135 2189 eodemque
1151 2144 1210 2178 die
1224 2142 1338 2177 vincit
1359 2142 1443 2175 Cim.
1459 2142 1491 2186 2,
1506 2142 1538 2175 2.

245 2195 453 2230 Pausanias
467 2195 624 2229 moritur
646 2197 753 2230 Faus.
767 2195 801 2238 5,
815 2195 847 2229 4.

244 2246 429 2279 Aristides
442 2245 597 2279 moritur
620 2247 727 2279 Arist.
741 2246 773 2289 3,
788 2246 820 2280 3.

245 2295 516 2330 Themistocles
530 2295 746 2339 Magnesiae
760 2295 914 2329 moritur
939 2296 1050 2329 Tleem.
1066 2295 1120 2339 10,
1135 2294 1166 2328 5.

248 2344 377 2379 Cimon
385 2344 557 2388 Thasios,
568 2345 630 2389 qui
646 2345 692 2379 ab
701 2345 994 2379 Atheniensibus
1010 2346 1237 2387 defecerant,
1246 2343 1360 2378 vincit
1374 2341 1540 2385 Cim.2,5.

248 2394 376 2429 Cimon
391 2393 511 2438 patria
525 2395 723 2438 expellitur
749 2395 834 2428 Cim.
848 2395 880 2438 3,
896 2395 928 2428 1.

247 2444 377 2479 Cimon
396 2444 431 2477 in
450 2443 608 2488 patriam
626 2448 823 2478 revocatus
844 2455 925 2477 cum
939 2443 1247 2477 Lacedaemoniis
1268 2443 1401 2477 foedus
1420 2440 1544 2486 iungit

295 2495 379 2528 Cim.
393 2493 426 2536 3,
440 2493 473 2528 4.

248 2544 378 2580 Cimon
391 2544 526 2578 Persas
540 2544 576 2577 in
592 2543 714 2588 Cypro
736 2544 858 2577 insula
878 2543 991 2577 vincit
1004 2547 1042 2578 et
1058 2543 1168 2577 maris
1188 2543 1379 2586 imperium
1400 2541 1542 2575 civibus

295 2594 370 2629 suis
383 2594 547 2628 vindicat
573 2594 657 2627 Cim.
672 2595 704 2636 3,
718 2594 750 2628 4.
841 2634 845 2639 ,

250 2644 378 2680 Cimon
397 2655 490 2688 pace
507 2656 588 2678 cum
602 2644 708 2678 victis
723 2643 846 2678 Persis
868 2643 1074 2688 composita
1095 2642 1130 2677 in
1151 2641 1272 2688 Cypro
1294 2641 1416 2675 insula
1435 2639 1541 2674 mori-

295 2698 354 2729 tur
380 2695 463 2728 Cim.
480 2694 512 2739 3,
526 2694 558 2728 4.

1219 2749 1263 2766 μ’*

1224 2760 1232 2782 ί
