1741 3184
605 230 865 265 THEMISTO
872 229 1005 265 CLES.
1458 222 1481 262 7

127 309 267 350 erexit.
316 322 413 348 nam
444 319 538 346 eum
568 304 811 354 iudicasset,
851 305 939 347 sine
976 320 1138 347 summa
1167 306 1370 347 industria
1399 320 1483 347 non

125 385 250 428 posse
281 384 371 411 eam
403 366 631 422 exstingui,
663 373 795 408 totum
821 381 865 408 se
890 368 1046 409 dedidit
1069 369 1128 409 rei
1152 368 1361 423 publicae,
1392 368 1484 410 dili-

125 433 289 490 gentius
313 429 457 473 amicis
481 429 701 483 famaeque
721 429 919 471 serviens.
956 430 1131 471 multum
1154 431 1197 471 in
1215 431 1376 473 iudiciis
1401 432 1484 487 pri-

125 496 229 536 vatis
248 491 502 542 versabatur,
523 506 647 547 saepe
666 492 709 533 in
723 492 957 533 contionem
975 492 1118 547 populi
1136 493 1328 547 prodibat
1335 510 1346 544 3
1372 494 1485 536 nulla

122 570 189 598 res
213 555 346 597 maior
369 555 458 596 sine
488 568 538 596 eo
567 553 806 610 gerebatur,
844 553 1046 604 celeriter,
1084 568 1190 608 quae
1220 570 1325 610 opus
1356 563 1483 607 erant,

122 616 364 673 reperiebat,
391 616 512 659 facile
532 617 677 658 eadem
703 616 886 658 oratione
906 615 1151 672 explicabat.
1193 631 1328 671 neque
1347 619 1483 660 minus
1509 631 1529 660 4

121 681 165 722 in
188 679 312 722 rebus
337 680 529 736 gerendis
553 686 769 735 promptus
795 693 921 733 quam
945 679 1229 734 excogitandis
1250 687 1348 730 erat,
1375 681 1487 734 quod

123 748 164 784 et
188 742 240 784 de
263 741 533 792 instantibus,
565 749 611 783 ut
635 743 692 784 ait
717 742 1006 797 Thucydides,
1038 742 1253 784 verissime
1277 742 1487 784 iudicabat

123 811 165 846 et
188 804 240 846 de
270 804 421 846 futuris
453 804 718 846 callidissime
750 803 1004 845 coniiciebat.
1050 819 1133 857 quo
1158 804 1314 845 factum
1340 812 1415 854 est,
1440 812 1486 846 ut

123 866 240 908 brevi
264 872 450 922 tempore
474 866 758 909 illustraretur.

191 928 250 971 Π.
286 928 455 971 Primus
475 936 614 970 autem
633 929 787 984 gradus
807 929 887 970 fuit
912 929 1191 984 capessendae
1214 929 1273 970 rei
1296 930 1486 985 publicae
1513 943 1527 971 1

125 990 233 1033 bello
258 990 507 1046 Corcyraeo,
540 992 593 1032 ad
617 991 730 1045 quod
760 992 987 1046 gerendum
1012 997 1177 1046 praetor
1201 1007 1225 1032 a
1248 992 1401 1047 populo
1425 992 1488 1033 sa-

124 1060 215 1096 ctus
238 1069 322 1095 non
341 1053 475 1095 solum
499 1054 709 1108 praesenti
734 1053 856 1103 bello,
883 1054 957 1095 sed
976 1054 1099 1095 etiam
1123 1053 1282 1108 reliquo
1303 1061 1486 1109 tempore

123 1115 368 1157 ferociorem
397 1115 575 1157 reddidit
605 1115 827 1157 civitatem.
866 1131 963 1157 nam
988 1130 1082 1157 cum
1107 1116 1284 1171 pecunia
1306 1116 1484 1172 publica,
1511 1128 1530 1157 2

123 1191 230 1232 quae
255 1191 306 1219 ex
330 1177 507 1219 metallis
531 1177 705 1228 redibat,
730 1177 948 1234 largitione
973 1178 1289 1234 magistratuum
1314 1185 1488 1233 quotan-

123 1240 189 1281 nis
219 1240 420 1290 interiret‚
451 1239 520 1281 ille
550 1240 757 1295 persuasit
786 1240 960 1296 populo,
990 1248 1036 1282 ut
1067 1255 1115 1282 ea
1138 1241 1315 1297 pecunia
1340 1241 1486 1282 classis

123 1308 289 1344 centum
307 1302 476 1344 navium
496 1302 791 1344 aedificaretur.
830 1317 936 1357 quae
949 1303 1134 1345 celeriter
1146 1303 1294 1345 effecta
1305 1303 1484 1359 primum
1511 1314 1530 1344 3

125 1364 382 1421 Corcyraeos
397 1365 532 1421 fregit,
560 1365 709 1407 deinde
723 1366 950 1407 maritimos
964 1366 1194 1421 praedones
1209 1367 1485 1408 consectando

124 1442 237 1469 mare
255 1433 390 1468 tutum
402 1428 591 1469 reddidit.
629 1427 672 1468 in
685 1442 767 1482 quo
782 1443 875 1469 cum
889 1428 1043 1469 divitiis
1062 1428 1234 1478 ornavit,
1255 1434 1342 1469 tum
1363 1429 1485 1469 etiam

123 1489 396 1544 peritissimos
420 1489 517 1531 belli
535 1490 694 1531 navalis
720 1490 818 1531 fecit
830 1490 1125 1532 Athenienses.
1161 1490 1204 1531 id
1222 1498 1400 1544 quantae
1421 1506 1485 1533 sa·
1510 1504 1531 1532 4

123 1552 198 1594 luti
223 1552 347 1594 fuerit
370 1553 589 1594 universae
609 1551 822 1604 Graeciae,
849 1554 957 1595 bello
983 1554 1194 1610 cognitum
1220 1559 1283 1595 est
1300 1553 1483 1596 Persico.

123 1630 220 1657 nam
245 1629 340 1657 cum
358 1615 526 1658 Xerxes
552 1622 591 1657 et
615 1616 718 1658 mari
744 1622 783 1658 et
807 1623 914 1658 terra
939 1616 1094 1658 bellum
1118 1616 1337 1658 universae
1361 1616 1486 1657 infer-

123 1684 185 1719 ret
206 1677 402 1733 Europae
433 1693 527 1720 cum
558 1679 682 1720 tantis
713 1679 863 1734 copiis,
901 1685 1076 1733 quantas
1107 1693 1243 1733 neque
1279 1685 1373 1720 ante
1409 1694 1485 1720 nec

122 1745 217 1795 post
241 1754 290 1781 ea
313 1739 458 1782 habuit
482 1740 721 1795 quisquam:
747 1741 871 1782 huius
897 1741 1006 1782 enim
1038 1740 1183 1782 classis
1209 1740 1320 1782 mille
1346 1747 1386 1781 et
1411 1742 1486 1781 du·
1510 1752 1529 1782 5

123 1807 333 1843 centarum
364 1802 533 1843 navium
562 1803 781 1859 longarum
813 1802 910 1852 fuit,
942 1817 1066 1857 quam
1097 1803 1179 1845 duo
1204 1803 1318 1844 milia
1342 1818 1486 1844 onera-

121 1863 275 1904 riarum
301 1863 590 1918 sequebantur,
617 1871 829 1907 terrestres
855 1872 992 1906 autem
1018 1865 1221 1906 exercitus
1249 1865 1486 1921 septingen-

124 1936 260 1970 torum
273 1930 473 1985 peditum,
497 1928 684 1982 equitum
700 1928 1099 1983 quadringentorum
1121 1929 1279 1969 milium
1294 1930 1478 1969 fuerunt:

119 1995 236 2037 cuius
262 1995 313 2036 de
339 1995 519 2036 adventu
544 2008 639 2036 cum
664 1994 777 2036 fama
800 1995 844 2035 in
864 1993 1085 2037 Graeciam
1110 1999 1221 2035 esset
1243 1992 1413 2048 perlata,
1440 1997 1480 2033 et
1506 2003 1524 2033 6

118 2057 298 2099 maxime
322 2056 603 2099 Athenienses
628 2057 713 2112 peti
738 2058 971 2099 dicerentur
994 2062 1162 2112 propter
1184 2070 1368 2111 pugnam
1387 2053 1482 2095 Mae

118 2120 362 2170 rathoniam,
382 2120 583 2162 miserunt
595 2119 786 2175 Delphos
806 2119 1053 2169 consultum,
1080 2118 1277 2173 quidnam
1299 2117 1482 2158 facerent

119 2182 170 2224 de
194 2182 319 2224 rebus
351 2182 451 2225 suis.
499 2182 823 2225 deliberantibus
853 2182 1008 2238 Pythia
1037 2181 1268 2236 respondit,
1299 2187 1344 2221 ut
1369 2194 1481 2221 moe-

118 2244 241 2286 nibus
265 2245 414 2301 ligneis
440 2259 485 2287 se
505 2245 724 2287 munirent.
761 2245 804 2286 id
821 2259 1070 2300 responsum
1089 2258 1172 2298 quo
1191 2242 1358 2292 valeret,
1385 2256 1479 2283 cum
1507 2254 1524 2283 7

120 2305 366 2361 intelligeret
389 2321 530 2357 nemo,
562 2307 867 2349 Themistocles
892 2306 1112 2362 persuasit,
1144 2305 1361 2348 consilium
1388 2318 1480 2345 esse

120 2366 347 2422 Apollinis,
373 2375 419 2410 ut
441 2369 483 2410 in
507 2385 636 2412 naves
668 2384 712 2412 se
738 2384 895 2424 suaque
920 2369 1169 2411 conferrent:
1202 2383 1296 2409 eum
1322 2367 1431 2408 enim
1456 2381 1481 2406 a

120 2429 198 2470 deo
229 2429 452 2485 significari
483 2445 648 2472 murum
671 2431 871 2487 ligneum.
913 2432 985 2487 tali
1010 2431 1180 2473 consilio
1210 2430 1383 2485 probato
1408 2428 1479 2469 ad-
1504 2440 1524 2471 8

120 2492 223 2532 dunt
248 2492 301 2533 ad
326 2493 558 2548 superiores
584 2494 755 2535 totidem
779 2508 907 2535 naves
932 2493 1118 2535 triremes
1145 2506 1302 2546 suaque
1327 2490 1478 2539 omnia,

121 2568 227 2608 quae
269 2555 427 2596 moveri
469 2561 677 2610 poterant,
714 2552 864 2611 partim
903 2553 1133 2604 Salamina,
1170 2553 1319 2609 partim
1350 2552 1480 2593 Troe-

121 2631 223 2658 zena
248 2617 482 2672 deportant3
522 2632 658 2659 arcem
689 2617 972 2660 sacerdotibus
1004 2616 1228 2672 paucisque
1254 2613 1478 2655 maioribus

119 2686 216 2720 natu
261 2694 308 2720 ae
346 2694 462 2722 sacra
503 2681 762 2735 procuranda
804 2680 992 2730 tradunt,
1035 2679 1238 2732 reliquum
1281 2676 1476 2731 oppidum

120 2741 368 2796 relinquunt.
1523 2737 1525 2739 Ι
