1788 3200
257 388 271 415 1

252 757 271 786 2

252 2176 271 2205 [ὓ

254 2486 272 2514 3

302 165 356 206 24
741 168 982 205 CORNELII
999 168 1215 205 NEPOTIS

301 263 395 290 eum
421 246 689 294 devoverant,
720 244 911 299 pilaeque
935 245 1047 295 illae,
1079 245 1122 286 in
1147 244 1297 300 quibus
1328 245 1491 286 devotio
1522 245 1656 288 fuerat

301 310 464 363 scripta,
490 308 533 348 in
557 322 669 348 mare
693 307 997 362 praecipitatae.

366 370 466 412 VII.
509 369 629 411 Haec
652 368 862 411 Alcibiadi
890 369 1046 411 laetitia
1074 384 1157 410 non
1186 369 1309 410 nimis
1340 370 1418 410 fuit
1450 370 1653 411 diuturna.

298 448 396 474 nam
427 447 522 474 cum
553 432 590 473 ei
627 447 770 473 omnes
801 438 942 473 essent
976 431 1154 473 honores
1191 432 1345 473 decreti
1386 438 1552 486 totaque
1588 447 1653 473 res

296 494 464 550 publica
487 494 599 535 domi
624 493 802 547 bellique
827 493 995 542 tradita,
1022 500 1067 534 ut
1090 494 1212 535 unius
1238 494 1404 535 arbitrio
1429 500 1652 549 gereretur,

298 563 338 597 et
361 556 450 611 ipse
475 555 738 610 postulasset,
765 561 811 595 ut
828 555 910 596 duo
935 554 1013 596 sibi
1039 555 1221 610 collegae
1240 555 1444 605 darentur,
1471 555 1656 610 Thrasy-

297 618 420 660 bulus
446 624 486 659 et
509 616 781 666 Adimantus,
819 631 952 670 neque
982 617 1025 657 id
1055 624 1253 671 negatum
1284 623 1411 666 esset,
1449 618 1582 659 classe
1613 618 1655 658 in

297 680 447 721 Asiam
477 679 706 734 profectus,
738 679 850 731 quod
879 678 990 732 apud
1016 677 1178 732 Cymen
1208 679 1345 720 minus
1371 694 1422 720 ex
1454 680 1656 721 sententia

296 757 383 783 rem
413 746 616 796 gesserat,
658 740 702 780 in
731 739 929 780 invidiam
959 739 1116 780 recidit.
1164 740 1267 780 nihil
1297 741 1408 781 enim
1444 755 1538 781 eum
1574 756 1655 782 non

298 803 461 844 efficere
491 816 616 856 posse
647 800 866 842 ducebant.
911 815 962 841 ex
993 815 1075 854 quo
1104 800 1247 851 fiebat,
1279 808 1326 842 ut
1357 803 1495 843 omnia
1519 802 1655 844 minus

294 879 491 920 prospere
515 870 635 919 gesta
661 861 788 919 [eius]
817 862 962 917 culpae
987 862 1223 912 tribuerent,
1250 878 1345 904 cum
1371 878 1466 904 eum
1491 870 1561 904 aut
1584 878 1657 905 ne-

296 926 501 982 gligenter
524 931 594 966 aut
613 924 816 966 malitiose
834 923 984 965 fecisse
1008 923 1291 978 loquerentur3
1319 924 1425 966 sicut
1444 931 1531 966 tum
1550 925 1658 966 acci-

297 988 369 1028 dit.
406 1002 503 1027 nam
529 992 767 1040 corruptum
787 1001 812 1026 a
828 1000 927 1041 rege
953 999 1099 1040 capere
1114 984 1277 1040 Cymen
1301 986 1484 1028 noluisse
1509 1002 1656 1042 argue-

296 1049 406 1091 bant.
449 1049 588 1102 itaque
618 1048 714 1089 huic
744 1048 924 1088 maxime
954 1054 1149 1101 putamus
1180 1048 1289 1089 malo
1319 1048 1450 1090 fuisse
1486 1049 1656 1089 nimiam

298 1111 534 1166 opinionem
558 1109 714 1165 ingenii
739 1116 862 1163 atque
886 1109 1061 1150 virtutis.
1100 1109 1321 1151 timebatur
1345 1111 1454 1152 enirn
1478 1125 1561 1151 non
1579 1111 1655 1151 mi-

296 1188 375 1214 nus
401 1187 526 1226 quam
551 1171 809 1226 diligebatur,
836 1185 888 1212 ne
913 1171 1095 1212 secunda
1117 1171 1283 1213 fortuna
1302 1172 1548 1227 magnisque
1568 1172 1655 1226 opi-

296 1235 376 1276 bus
397 1234 528 1276 elatus
548 1233 806 1288 tyrannidem
826 1233 1147 1288 concupisceret.
1184 1234 1335 1287 quibus
1355 1234 1477 1275 rebus
1498 1234 1655 1275 factum

298 1303 379 1347 est,
416 1303 462 1337 ut
493 1295 654 1337 absenti
684 1295 974 1351 magistratum
1006 1295 1254 1350 abrogarent
1279 1303 1319 1336 et
1349 1297 1475 1337 alium
1500 1297 1542 1336 in
1567 1296 1654 1337 eius

296 1359 435 1400 locum
466 1357 774 1399 substituerent.
822 1357 866 1397 id
901 1357 970 1397 ille
1007 1363 1052 1397 ut
1087 1357 1262 1406 audivit,
1300 1357 1470 1398 domum
1506 1357 1656 1398 reverti.

295 1420 427 1461 noluit
457 1426 497 1460 et
522 1433 566 1460 se
590 1418 778 1473 Pactyen
808 1418 980 1459 contulit
1004 1418 1143 1471 ibique
1175 1419 1252 1459 tria
1277 1419 1447 1460 castella
1471 1434 1656 1460 eommu-

294 1482 387 1531 niit,
424 1481 606 1530 Bornos,
643 1480 895 1529 Bizanthen,
932 1479 1205 1530 Neontichos,
1242 1495 1450 1535 manuque
1487 1480 1657 1521 collecta

294 1544 453 1598 primus
486 1541 672 1585 Graecae
704 1543 881 1583 civitatis
912 1543 954 1583 in
980 1542 1203 1583 Thraciam
1228 1543 1400 1593 introiit,
1433 1543 1653 1598 gloriosius

295 1606 537 1647 existimans
562 1604 829 1646 barbarorum
850 1605 1003 1659 praeda
1021 1604 1262 1659 locupletari
1281 1620 1405 1659 quam
1421 1604 1654 1647 Graiorum.

296 1683 378 1722 qua
414 1683 466 1708 ex
500 1682 544 1708 re
580 1673 765 1708 creverat
800 1681 893 1707 cum
930 1666 1044 1708 fama
1079 1673 1167 1707 tum
1198 1667 1346 1721 opibus
1378 1682 1656 1723 magnamque

296 1729 518 1771 amicitiam
545 1728 623 1770 sibi
642 1743 736 1769 cum
750 1728 999 1781 quibusdam
1023 1729 1191 1783 regibus
1208 1729 1408 1770 Thraciae
1427 1738 1654 1784 pepererat.

365 1790 489 1831 VIII.
525 1790 672 1843 Neque
702 1796 840 1830 tamen
865 1805 889 1830 a
914 1789 1081 1830 caritate
1111 1791 1268 1844 patriae
1292 1791 1426 1845 potuit
1449 1791 1654 1831 recedere.

297 1868 394 1894 nam
420 1867 514 1894 cum
546 1852 657 1907 apud
680 1850 826 1907 Aegos
855 1852 1009 1892 flumen
1032 1851 1260 1902 Philocles,
1292 1860 1456 1906 praetor
1479 1852 1656 1893 Atheni-

297 1915 477 1964 ensium,
509 1915 686 1956 classem
712 1914 993 1955 constituisset
1019 1929 1155 1964 suam,
1183 1929 1316 1968 neque
1341 1915 1464 1971 longe
1490 1915 1655 1957 abesset

297 1977 530 2031 Lysander,
556 1982 720 2031 praetor
732 1976 1172 2026 Lacedaemoniorum,
1198 1977 1269 2030 qui
1293 1977 1335 2017 in
1361 1992 1409 2018 eo
1430 1984 1515 2018 erat
1534 1992 1655 2018 occu-

297 2047 432 2093 patus,
459 2046 504 2080 ut
528 2038 683 2080 bellum
708 2053 833 2091 quam
859 2038 1090 2079 diutissime
1115 2039 1294 2087 duceret,
1321 2039 1432 2092 quod
1457 2039 1557 2093 ipsis
1583 2054 1655 2093 pe-

297 2101 419 2142 cunia
443 2116 468 2142 a
491 2115 589 2156 rege
615 2100 967 2155 suppeditabatur,
994 2108 1136 2142 contra
1148 2101 1474 2143 Atheniensibus
1502 2102 1656 2143 exhau-

299 2164 371 2204 stis
397 2169 558 2218 praeter
581 2178 696 2204 arma
720 2169 760 2203 et
784 2178 910 2204 naves
936 2163 1036 2203 nihil
1062 2170 1148 2204 crat
1173 2178 1313 2218 super,
1340 2163 1581 2205 Alcibiades
1602 2164 1655 2205 ad

298 2225 523 2266 exercitum
537 2225 648 2265 venit
660 2224 980 2266 Atheniensium
1001 2225 1139 2278 ibique
1158 2232 1373 2280 praesente
1386 2226 1513 2281 vulgo
1533 2240 1655 2281 agere

298 2288 449 2342 coepit,
483 2288 517 2328 si
542 2287 711 2337 vellent,
739 2302 782 2328 se
809 2294 1047 2328 coacturum
1072 2288 1340 2342 Lysandrum
1365 2288 1560 2328 dimicare
1585 2294 1656 2328 aut

297 2364 442 2404 pacem
467 2356 625 2404 petcre3
653 2350 827 2404 spondet
840 2350 1197 2391 Lacedaemonios
1218 2365 1266 2391 eo
1285 2349 1394 2391 nolle
1413 2349 1545 2391 classe
1561 2364 1657 2390 con-

300 2412 457 2466 fligere,
490 2411 601 2465 quod
625 2411 887 2466 pedestribus
919 2412 1048 2466 copiis
1074 2412 1167 2466 plus
1193 2427 1319 2466 quam
1344 2411 1520 2453 navibus
1545 2411 1657 2452 vale-

297 2480 406 2523 rent3
443 2472 522 2514 sibi
553 2480 691 2514 autem
721 2488 814 2514 esse
845 2473 985 2523 facile,
1019 2472 1225 2523 Scuffien,
1264 2489 1405 2530 regem
1431 2473 1653 2522 Thracum,

299 2536 516 2585 deducere,
542 2542 588 2575 ut
613 2550 683 2576 eos
710 2542 817 2576 terra
836 2535 1078 2590 depelleret;
1104 2551 1185 2590 quo
1204 2536 1314 2577 facto
1333 2535 1566 2577 necessario
1585 2540 1656 2575 aut

256 2611 274 2638 -ι
299 2597 431 2638 classe
450 2597 734 2638 conflicturum
760 2603 830 2638 aut
848 2597 1003 2639 bellum
1023 2598 1360 2652 compositurum.
1397 2597 1440 2638 id
1465 2596 1541 2638 etsi
1560 2610 1654 2636 vere

301 2658 453 2698 dictum
480 2658 686 2700 Philocles
717 2659 1087 2710 animadvertebat,
1120 2667 1257 2700 tamen
1288 2659 1494 2714 postulata
1521 2657 1654 2698 facere
