1788 3200
225 220 307 249 XVI

223 307 257 340 p.
273 295 337 328 159
351 305 405 338 sq.
430 300 459 326 et
483 293 654 326 donn'nam
674 291 890 326 Lambinus.
909 294 920 336 ΙΙ
937 312 938 327 η

223 340 317 373 lbid.
338 342 425 372 extr.
450 338 514 381 fuit
540 348 612 370 car.
632 347 714 370 cum
734 337 938 381 Nipperd,

220 384 322 426 fuerit
336 381 431 415 libri.
455 383 466 425 ΙΙ
490 381 556 424 IV,
571 380 603 415 5.
618 392 715 426 quem
728 383 813 415 diem
827 381 924 424 libri,

221 426 409 460 Manutius
429 438 526 470 quem
545 427 774 468 discedentem,
795 425 925 470 Sciop-

218 471 300 515 pius
314 483 411 515 quem
419 471 560 515 quidem,
570 471 671 516 quod
683 470 791 505 unice
802 482 925 505 verum
936 505 938 515 ¹

218 515 710 559 existimatFleckeisenius.H
720 515 925 559 VIII,1.alii

218 561 366 603 plenam
404 559 549 594 faciunt
589 560 925 604 interpunctionem

218 609 305 649 post
323 605 434 638 occiso
451 606 608 646 Caesare,
628 608 669 638 ut
688 605 822 639 deinde
836 616 923 649 apo-

218 649 328 683 dosin
359 649 563 684 habeamus
595 660 617 683 a
648 649 771 684 verbis
800 650 849 682 sic
872 650 924 683 M.

220 695 329 728 Bruto
353 705 435 727 usus
459 700 505 728 est
526 697 595 727 eet.
613 695 624 737 ΙΙ
641 693 673 727 5.
694 695 777 727 dicis
801 705 925 727 caussa

218 750 301 772 cum
316 738 467 773 Cuiacio
483 741 520 772 et
533 738 711 781 Nipperd.
725 738 823 780 dedi,
838 737 923 772 libri

217 784 318 817 necis.
347 784 359 827 ΙΙ
388 783 456 825 IX,
482 783 513 815 1.
538 783 653 825 aqc‘tur
677 782 764 816 libri
784 782 922 826 optimi,

217 826 328 871 pauci
370 826 469 871 iique
512 826 717 860 deteriores
767 832 922 870 aayetur,

219 870 400 905 Fleckeis.
420 871 606 914 franqz'tur.
624 872 635 915 ΙΙ
653 870 685 905 4.
701 872 812 905 litibus
825 872 923 904 desti-

218 922 359 956 naretur
371 919 471 950 recte
485 915 663 960 Nipperd.
678 926 761 950 cum
775 915 923 960 optimis

218 960 337 1004 libris,
359 971 440 994 cum
460 962 571 994 litibus
590 960 732 1004 (dativo
748 963 852 1005 casu)
868 962 922 994 de-

215 1006 339 1039 stiuam·
349 1005 447 1039 idem
462 1005 509 1038 sit
523 1006 623 1050 quod
638 1006 743 1050 Lpetz‘
753 1018 780 1040 s.
795 1007 922 1039 vexari.

218 1050 309 1084 Cod.
327 1050 428 1084 Mon.
455 1053 492 1084 et
509 1050 667 1084 Haenel.
693 1052 923 1092 desumeretur,

216 1095 325 1130 Voss.
346 1093 389 1128 A.
404 1098 441 1129 et
454 1092 493 1129 C.
513 1095 647 1139 colleg.
661 1094 767 1129 Rom.
786 1096 923 1129 distine-

215 1146 320 1174 retur.
350 1141 362 1183 ΙΙ
392 1139 422 1173 7.
463 1141 675 1173 amiliarz'bus
694 1139 822 1174 addidi
843 1151 923 1174 cum

216 1185 328 1229 Nipp.
346 1186 357 1229 Η
375 1184 424 1228 X,
457 1210 464 1217 .
479 1185 811 1228 conizmctz‘mplures
824 1184 922 1228 libri,

216 1231 388 1263 coniuncti
406 1228 494 1272 Gif.,
510 1228 647 1271 Guelf.,
669 1228 823 1273 Schott„
844 1241 925 1262 con-

216 1274 921 1318 iunctmnPetav.etOttob.Nipp.omisit,

216 1320 275 1352 sed
287 1324 322 1351 ut
336 1319 543 1363 explicans:
559 1318 624 1352 sed
637 1318 689 1353 ita
702 1318 810 1363 petiit
823 1318 922 1353 auxi-

216 1363 317 1404 lium,
330 1367 372 1396 ut
386 1367 454 1397 cet.
473 1365 484 1407 ΙΙ
502 1363 568 1406 XI,
582 1363 614 1396 3.
633 1365 826 1397 necessaria
839 1363 924 1397 libri

216 1412 365 1452 praeter
374 1407 604 1450 Urbinatem,
612 1408 650 1441 in
659 1419 731 1452 quo
740 1407 925 1452 posterior

218 1452 324 1486 litera
334 1465 355 1485 a
365 1451 417 1486 ita
431 1455 608 1495 correcta,
624 1456 665 1486 ut
678 1452 792 1486 videri
805 1452 925 1496 possit

216 1510 248 1537 u,
256 1497 354 1530 unde
364 1497 569 1541 Longolius
583 1497 937 1542 necessarimmquod}

218 1542 461 1585 Iaumannus,
483 1541 673 1586 Nipperd.,
698 1541 762 1576 alii
775 1552 923 1585 recepe-

217 1591 312 1620 runt.
343 1588 354 1631 Η
383 1586 415 1620 4.
438 1587 595 1631 florente,
622 1598 672 1621 sc.
699 1598 743 1621 eo
770 1587 921 1630 (Bruto)

218 1631 325 1665 codd.
347 1631 431 1665 coll.
445 1632 550 1665 Rom.
561 1658 570 1675 ,
589 1631 695 1666 Leid.
711 1635 748 1666 et
759 1631 869 1666 Voss.
885 1630 922 1665 C.

219 1675 274 1710 Cf.
288 1676 393 1709 Eum.
407 1676 462 1719 12,
476 1676 507 1709 2.
522 1676 681 1710 Rothius
695 1680 732 1710 et
746 1676 923 1720 Nipperd.

219 1732 300 1754 cum
312 1720 466 1765 reliquis
480 1720 583 1754 libris
596 1721 785 1765 florentem.
804 1723 815 1764 ΙΙ
833 1721 864 1754 6.
872 1722 927 1754 suz'

217 1779 225 1797 ι
242 1766 337 1809 nique
358 1764 489 1809 scripsi
509 1776 590 1799 cum
608 1764 851 1799 Lachmanno
877 1765 925 1798 ad

217 1779 368 1844 flueret.
381 1809 614 1854 II‚371.p.94
627 1810 712 1844 coll.
725 1808 923 1844 Heindorf.

218 1853 393 1889 adCie.de
402 1854 703 1899 nat.de0r.p.147b
712 1853 805 1888 ‚156a
813 1854 888 1888 ‚369
898 1856 923 1880 b·

219 1898 382 1943 Madvig.
401 1900 450 1933 ad
469 1899 544 1934 Cic.
560 1900 606 1934 de
626 1899 687 1933 fin.
707 1911 743 1944 p.
763 1899 828 1933 699
844 1910 923 1944 sqq.

220 1944 324 1977 Libri
344 1947 381 1978 et
400 1944 528 1988 scripti
548 1948 585 1978 et
603 1944 693 1978 editi
712 1945 848 1989 cuique,
877 1944 924 1978 ad

220 1988 318 2033 quod
338 1990 525 2023 hominibus
544 2000 587 2023 ex
608 1988 755 2023 dicendi
780 1989 924 2023 ratione

220 2032 310 2067 satis
345 2037 436 2068 nota
471 2034 693 2079 appositum.
723 2035 734 2078 ΙΙ
762 2033 869 2076 ΧΙΙΙ,
891 2034 922 2067 2.

216 2080 297 2121 plus
337 2079 421 2111 salis
457 2090 560 2123 quam
600 2085 751 2123 surreptus
794 2089 921 2112 omnes

220 2122 305 2156 libri
320 2122 507 2166 exhibent,
522 2123 560 2156 in
575 2122 710 2167 quibus
731 2123 855 2156 verbis
869 2135 923 2156 sa-

220 2169 284 2200 lem
294 2167 357 2212 qui
370 2167 661 2211 interpretantur
674 2167 737 2209 ita,
747 2171 788 2200 ut
802 2168 848 2200 sit
861 2179 923 2201 an-

219 2212 362 2256 tiquum
377 2216 414 2246 et
428 2212 614 2257 singulare
629 2212 816 2259 quoddam
832 2216 923 2245 stru-

221 2263 346 2291 cturae
361 2267 480 2301 genus
501 2258 613 2301 (φαεν
629 2258 848 2296 (ies-elmlaeh,
868 2257 923 2289 1²2·-

220 2304 348 2342 lcantes,
361 2305 402 2335 ut
413 2301 622 2336 Freundius
635 2301 725 2335 Lex.
740 2301 802 2335 lat..
821 2305 846 2334 t.
861 2301 923 2335 IV.

221 2357 255 2389 p.
268 2346 401 2391 2272),
433 2346 471 2380 hi
496 2346 603 2380 nimis
629 2346 801 2380 videntur
825 2356 923 2379 recc-

222 2390 310 2426 dere
334 2391 383 2426 ab
408 2391 546 2426 usitata
572 2390 670 2424 illius
690 2390 863 2425 vocabuli
891 2390 924 2423 vi

733 221 954 247 ADNOTATIO
981 220 1142 246 CRITICA.

950 304 994 327 ac
1013 297 1212 336 potestate,
1234 305 1456 339 quamquam
1476 291 1554 330 ἅλες
1577 295 1657 339 plu-

949 338 1019 372 rali
1033 349 1184 372 numero
1198 338 1262 372 illo
1276 338 1354 372 fere
1376 339 1485 372 modo
1503 339 1656 373 Graecis

949 382 986 416 in
1001 394 1071 416 usu
1085 382 1201 417 fuisse
1214 394 1289 417 non
1304 383 1448 428 ignoro.
1474 383 1656 428 Equidem

950 428 998 461 ad
1012 428 1220 471 exemplum
1236 427 1370 462 Graeci
1389 428 1566 462 vocabuli
1586 426 1656 470 ἅλς,

951 482 1024 516 quo
1041 482 1085 506 ex
1102 472 1329 516 proverbiali
1344 472 1492 507 dicendi
1512 474 1655 507 ratione

936 518 938 532 ¹
950 516 1013 567 (cf.
1022 516 1131 550 Hom.
1140 516 1274 568 Odys-s.
1282 517 1406 559 XVII,
1415 517 1496 562 455>
1510 529 1568 551 res
1582 529 1656 552 ma—

948 572 1043 595 xlme
1063 571 1316 605 necessanae,
1338 563 1473 606 quibus
1487 562 1654 596 homines

951 616 1076 640 carere
1090 605 1148 639 vix
1160 606 1316 650 possint,
1332 606 1598 651 significantur,
1618 611 1657 642 et

949 650 984 683 h.
998 650 1021 684 l.
1042 650 1300 694 accipiendum
1325 656 1415 695 puto
1443 652 1488 685 de
1515 663 1655 686 summa

950 694 1206 738 simplicitate,
1244 696 1303 729 cui
1333 700 1420 740 apte
1454 696 1655 740 opponitur

950 743 1127 782 sumptus.
1154 738 1332 774 Consulto
1354 745 1477 775 autem
1497 741 1656 784 scriptor

948 783 1020 816 hoc
1057 783 1178 827 ipsum
1213 783 1397 818 Graecum
1432 786 1655 821 vocabulum

948 827 1082 861 Latine
1107 827 1254 861 videtur
1278 828 1505 872 expressisse
1524 829 1562 863 in
1580 830 1656 864 vita

948 871 1074 914 Attici,
1095 882 1204 916 quem
1225 872 1453 906 Graecarum
1467 874 1654 907 literarum

949 921 988 950 et
1005 916 1267 961 antiquitatum
1288 917 1582 951 amantissimum
1597 918 1653 952 fu-

948 961 1021 995 isse
1043 964 1199 995 constat.
1230 963 1241 1005 ΙΙ
1270 961 1361 1006 XV,
1382 962 1413 995 2.
1439 964 1530 1007 quod
1552 964 1656 996 semel

948 1018 1029 1039 ann.
1050 1005 1153 1047 libri,
1172 1005 1352 1050 Nipperd.
1373 1019 1448 1040 cum
1473 1006 1617 1053 (quum).
1635 1008 1647 1052 ss

947 1050 1057 1094 XVI,
1080 1051 1110 1084 1.
1129 1052 1232 1093 suerit
1258 1053 1517 1085 iucundissimus
1605 1053 1655 1086 vi-

947 1097 1033 1129 xerit
1048 1105 1174 1129 omnes
1188 1095 1273 1129 libri
1287 1099 1325 1129 et
1337 1096 1509 1138 Rothius,
1529 1097 1594 1139 fuit
1611 1122 1620 1131 .
1630 1122 1656 1132 ..

948 1139 1214 1184 vz'zz‘cNipperd.
1232 1141 1244 1184 ΙΙ
1262 1140 1292 1173 3.
1306 1142 1467 1174 desideret
1478 1141 1656 1185 Nipperd.

950 1196 1031 1219 cum
1040 1188 1216 1229 quattuor
1224 1185 1501 1228 codd.,Rothius
1511 1197 1592 1219 cum
1599 1197 1654 1220 re-

948 1229 1058 1274 liquis
1072 1230 1249 1263 desiderat.
1268 1231 1280 1273 ΙΙ
1297 1230 1419 1273 XVII,
1434 1231 1464 1264 1.
1484 1242 1559 1263 cum
1572 1237 1656 1264 esset

948 1281 1073 1319 septem
1085 1280 1235 1318 etsexaq.
1246 1274 1330 1308 dedi
1339 1285 1358 1308 e
1369 1274 1535 1318 vestigiis
1546 1275 1653 1309 codd.

949 1318 1371 1363 praestantissimorum,
1392 1319 1571 1363 Nipperd.
1592 1331 1654 1352 an-

948 1366 1000 1397 nis
1013 1370 1094 1408 sept.
1109 1370 1138 1397 et
1152 1375 1265 1407 sexaq.
1281 1363 1416 1397 omisso
1437 1363 1551 1397 verbo
1571 1370 1655 1397 esset

950 1419 1030 1442 cum
1061 1407 1229 1451 pluribus
1255 1408 1363 1442 codd.
1396 1411 1433 1442 et
1456 1407 1605 1442 Rothio.
1634 1410 1646 1452 Η

948 1453 1097 1495 XVIII,
1124 1453 1155 1486 1.
1181 1454 1315 1486 ornavit
1345 1452 1448 1495 libri,
1475 1452 1655 1497 Nipperd.

950 1509 1030 1531 cum
1044 1497 1072 1531 Ι.
1083 1496 1272 1531 G.Vossi0
1282 1498 1461 1531 ordinavit.
1481 1499 1491 1542 Η
1508 1498 1656 1540 ΧΧΙ,3.

950 1546 1040 1576 extr.
1052 1543 1190 1588 fistulae
1208 1543 1310 1586 puris
1322 1542 1481 1575 Rothius
1495 1546 1533 1577 et
1545 1543 1655 1587 Nipp.

950 1598 1033 1621 cum
1052 1586 1201 1631 optimis
1215 1586 1338 1629 libris,
1362 1588 1481 1630 fistula
1499 1588 1613 1632 putris
1631 1613 1656 1621 ..

949 1634 1097 1676 eruperit
1112 1642 1193 1665 cum
1205 1631 1375 1675 pluribus
1390 1631 1511 1666 editor
1519 1632 1656 1666 Halen-

951 1677 1011 1710 sis.
1030 1678 1041 1720 Η
1065 1676 1098 1710 5.
1116 1677 1267 1720 satisfeci
1283 1675 1462 1720 Nipperd.
1485 1687 1552 1721 per
1575 1677 1656 1711 bre-

950 1721 1101 1755 vitatem
1122 1721 1309 1766 quandam
1328 1721 1506 1765 explicat,
1532 1724 1573 1755 ut
1592 1721 1656 1755 sit:

951 1765 1039 1799 satis
1054 1765 1138 1809 feci,
1153 1769 1194 1798 ut
1207 1765 1379 1809 credatis,
1394 1776 1450 1800 me
1465 1769 1534 1800 cet.
1561 1763 1656 1800 Con-

949 1814 1006 1844 tra
1019 1809 1270 1844 Doederlinus
1290 1808 1428 1853 Synon.
1443 1813 1468 1843 t.
1482 1810 1511 1843 Ι.
1530 1821 1566 1854 p.
1580 1810 1656 1844 170.

950 1856 1033 1889 adn.
1059 1854 1082 1876 ÷÷
1113 1854 1389 1888 anacoluthiam
1420 1865 1502 1888 esse
1528 1854 1659 1888 statuit

951 1899 1106 1934 Graecis
1121 1899 1275 1933 maxime
1289 1899 1519 1943 familiarem,
1534 1899 1583 1933 ad
1597 1910 1657 1933 cu-

950 1944 1006 1978 ius
1020 1955 1186 1978 normam
1200 1943 1358 1988 scriptor
1370 1954 1414 1977 ex
1428 1943 1658 1987 interpositis

950 1988 1072 2023 verbis
1092 1995 1127 2022 ut
1160 2000 1260 2033 spero
1280 1989 1502 2032 pendentem
1528 1988 1660 2022 fecerit

950 2033 1181 2068 infinitivum.
1206 2033 1250 2067 V.
1269 2033 1472 2067 Hermann.
1505 2034 1553 2067 ad
1572 2032 1657 2077 Vig.

950 2091 984 2123 p.
1000 2078 1075 2121 744,
1095 2078 1162 2112 ‘205
1177 2078 1234 2112 ed.
1254 2077 1285 2111 4.
1305 2077 1501 2112 Heindorf.
1521 2078 1567 2112 ad
1582 2077 1657 2112 Cic.

950 2124 995 2158 de
1009 2127 1083 2157 nat.
1100 2123 1199 2156 deor.
1214 2122 1263 2164 ΙΙ,
1277 2122 1332 2166 37,
1347 2122 1402 2157 94.
1416 2134 1452 2167 p.
1465 2123 1532 2156 207
1547 2134 1601 2167 sq.

994 2168 1234 2201 FRAGMENTA.
1249 2168 1316 2210 1‚3.
1331 2168 1490 2200 molestiis
1502 2168 1659 2200 desistere

950 2211 1107 2245 Rothius
1127 2223 1208 2245 cum
1223 2211 1339 2254 libris,
1360 2211 1582 2254 Rutgersius
1601 2212 1657 2244 de-

949 2258 1079 2297 sistere,
1099 2256 1279 2299 Nipperd.
1298 2256 1460 2289 insistere.
1479 2257 1491 2299 11
1508 2255 1540 2289 4.
1560 2257 1658 2289 deum

948 2310 1124 2345 parentem
1150 2301 1252 2343 libri,
1279 2302 1358 2333 deas
1378 2306 1561 2344 parentum
1584 2299 1657 2332 Lo-

953 2346 1104 2380 beckius
1119 2343 1304 2390 Aglaoph.
1312 2357 1347 2389 p.
1358 2345 1433 2379 769.
