<?xml version="1.0" encoding="UTF-8"?>
<!DOCTYPE html PUBLIC "-//W3C//DTD XHTML 1.0 Transitional//EN"
    "http://www.w3.org/TR/xhtml1/DTD/xhtml1-transitional.dtd">
<html xmlns="http://www.w3.org/1999/xhtml" xml:lang="en" lang="en">
 <head>
  <title>
</title>
<meta http-equiv="Content-Type" content="text/html;charset=utf-8" />
  <meta name='ocr-system' content='tesseract 3.04.00' />
  <meta name='ocr-capabilities' content='ocr_page ocr_carea ocr_par ocr_line ocrx_word'/>
</head>
<body>
  <div class='ocr_page' id='page_1' title='image "./vitaeetfragmenta00nepouoft_0023.png"; bbox 0 0 1741 3184; ppageno 0'>
   <div class='ocr_carea' id='block_1_1' title="bbox 130 231 1440 239">
    <p class='ocr_par' dir='ltr' id='par_1_1' title="bbox 130 231 1440 239">
     <span class='ocr_line' id='line_1_1' title="bbox 130 231 1440 239; baseline 0 0"><span class='ocrx_word' id='word_1_1' title='bbox 130 231 1440 239; x_wconf 95' lang='lat' dir='ltr'> </span> 
     </span>
    </p>
   </div>
   <div class='ocr_carea' id='block_1_2' title="bbox 541 541 1003 599">
    <p class='ocr_par' dir='ltr' id='par_1_2' title="bbox 541 541 1003 599">
     <span class='ocr_line' id='line_1_2' title="bbox 541 541 1003 599; baseline 0 -15"><span class='ocrx_word' id='word_1_2' title='bbox 541 541 1003 599; x_wconf 66' lang='lat' dir='ltr'>[PRAEFATIO]</span> 
     </span>
    </p>
   </div>
   <div class='ocr_carea' id='block_1_3' title="bbox 91 659 1495 2683">
    <p class='ocr_par' dir='ltr' id='par_1_3' title="bbox 91 659 1495 2683">
     <span class='ocr_line' id='line_1_3' title="bbox 164 659 1490 717; baseline 0 -15"><span class='ocrx_word' id='word_1_3' title='bbox 164 660 258 702; x_wconf 90' lang='lat' dir='ltr'>Non</span> <span class='ocrx_word' id='word_1_4' title='bbox 282 659 425 702; x_wconf 84' lang='lat' dir='ltr'>dubito</span> <span class='ocrx_word' id='word_1_5' title='bbox 450 659 538 701; x_wconf 85' lang='lat' dir='ltr'>f01e</span> <span class='ocrx_word' id='word_1_6' title='bbox 562 661 793 715; x_wconf 89' lang='lat' dir='ltr'>plerosque,</span> <span class='ocrx_word' id='word_1_7' title='bbox 819 660 972 711; x_wconf 79' lang='lat' dir='ltr'><strong>Attice,</strong></span> <span class='ocrx_word' id='word_1_8' title='bbox 998 662 1069 715; x_wconf 90' lang='lat' dir='ltr'>qui</span> <span class='ocrx_word' id='word_1_9' title='bbox 1092 661 1171 703; x_wconf 91' lang='lat' dir='ltr'>hoc</span> <span class='ocrx_word' id='word_1_10' title='bbox 1195 676 1326 717; x_wconf 87' lang='lat' dir='ltr'>genus</span> <span class='ocrx_word' id='word_1_11' title='bbox 1353 663 1490 703; x_wconf 86' lang='lat' dir='ltr'>scri-1</span> 
     </span>
     <span class='ocr_line' id='line_1_4' title="bbox 95 722 1452 778; baseline 0 -15"><span class='ocrx_word' id='word_1_12' title='bbox 95 730 240 778; x_wconf 80' lang='lat' dir='ltr'>ptuiae</span> <span class='ocrx_word' id='word_1_13' title='bbox 263 722 354 763; x_wconf 90' lang='lat' dir='ltr'>leve</span> <span class='ocrx_word' id='word_1_14' title='bbox 379 728 420 763; x_wconf 89' lang='lat' dir='ltr'>et</span> <span class='ocrx_word' id='word_1_15' title='bbox 443 737 526 769; x_wconf 86' lang='lat' dir='ltr'>non</span> <span class='ocrx_word' id='word_1_16' title='bbox 551 722 650 763; x_wconf 90' lang='lat' dir='ltr'>satis</span> <span class='ocrx_word' id='word_1_17' title='bbox 676 723 847 778; x_wconf 83' lang='lat' dir='ltr'>dignum</span> <span class='ocrx_word' id='word_1_18' title='bbox 873 738 1129 764; x_wconf 85' lang='lat' dir='ltr'>summorum</span> <span class='ocrx_word' id='word_1_19' title='bbox 1154 723 1334 764; x_wconf 76' lang='grc' dir='ltr'>ν110111111</span> <span class='ocrx_word' id='word_1_20' title='bbox 1358 738 1452 778; x_wconf 77' lang='lat' dir='ltr'>pel-</span> 
     </span>
     <span class='ocr_line' id='line_1_5' title="bbox 96 783 1452 839; baseline -0.001 -14"><span class='ocrx_word' id='word_1_21' title='bbox 96 784 206 825; x_wconf 86' lang='lat' dir='ltr'>sonis</span> <span class='ocrx_word' id='word_1_22' title='bbox 231 783 425 833; x_wconf 89' lang='lat' dir='ltr'>iudicent,</span> <span class='ocrx_word' id='word_1_23' title='bbox 452 797 546 824; x_wconf 88' lang='lat' dir='ltr'>cum</span> <span class='ocrx_word' id='word_1_24' title='bbox 564 783 738 824; x_wconf 80' lang='lat' dir='ltr'>relatum</span> <span class='ocrx_word' id='word_1_25' title='bbox 757 784 825 839; x_wconf 91' lang='lat' dir='ltr'>leo</span> <span class='ocrx_word' id='word_1_26' title='bbox 828 790 908 833; x_wconf 91' lang='lat' dir='ltr'>ent</span> <span class='ocrx_word' id='word_1_27' title='bbox 934 784 1026 837; x_wconf 85' lang='lat' dir='ltr'>quis</span> <span class='ocrx_word' id='word_1_28' title='bbox 1046 784 1247 825; x_wconf 81' lang='lat' dir='ltr'>musicam</span> <span class='ocrx_word' id='word_1_29' title='bbox 1268 785 1452 825; x_wconf 79' lang='lat' dir='ltr'>docuerit</span> 
     </span>
     <span class='ocr_line' id='line_1_6' title="bbox 95 845 1452 900; baseline -0.001 -14"><span class='ocrx_word' id='word_1_30' title='bbox 95 845 447 900; x_wconf 85' lang='lat' dir='ltr'><strong>Epaminondam,</strong></span> <span class='ocrx_word' id='word_1_31' title='bbox 479 851 549 885; x_wconf 86' lang='lat' dir='ltr'>aut</span> <span class='ocrx_word' id='word_1_32' title='bbox 579 845 621 885; x_wconf 90' lang='lat' dir='ltr'>in</span> <span class='ocrx_word' id='word_1_33' title='bbox 651 845 739 886; x_wconf 87' lang='lat' dir='ltr'>eius</span> <span class='ocrx_word' id='word_1_34' title='bbox 764 845 984 886; x_wconf 87' lang='lat' dir='ltr'>virtutibus</span> <span class='ocrx_word' id='word_1_35' title='bbox 1010 846 1338 894; x_wconf 90' lang='lat' dir='ltr'>commemorari,</span> <span class='ocrx_word' id='word_1_36' title='bbox 1372 846 1452 886; x_wconf 87' lang='lat' dir='ltr'>sal-</span> 
     </span>
     <span class='ocr_line' id='line_1_7' title="bbox 95 907 1493 960; baseline -0.001 -12"><span class='ocrx_word' id='word_1_37' title='bbox 95 914 206 949; x_wconf 84' lang='lat' dir='ltr'>tasse</span> <span class='ocrx_word' id='word_1_38' title='bbox 237 922 332 948; x_wconf 90' lang='lat' dir='ltr'>eum</span> <span class='ocrx_word' id='word_1_39' title='bbox 362 907 577 948; x_wconf 89' lang='lat' dir='ltr'>commode</span> <span class='ocrx_word' id='word_1_40' title='bbox 614 907 870 960; x_wconf 79' lang='lat' dir='ltr'>scienterque</span> <span class='ocrx_word' id='word_1_41' title='bbox 906 907 1017 948; x_wconf 90' lang='lat' dir='ltr'>tibiis</span> <span class='ocrx_word' id='word_1_42' title='bbox 1054 914 1255 948; x_wconf 87' lang='lat' dir='ltr'>cantasse.</span> <span class='ocrx_word' id='word_1_43' title='bbox 1305 908 1379 949; x_wconf 87' lang='lat' dir='ltr'>sed</span> <span class='ocrx_word' id='word_1_44' title='bbox 1409 907 1451 947; x_wconf 89' lang='lat' dir='ltr'>hi</span> <span class='ocrx_word' id='word_1_45' title='bbox 1475 918 1493 947; x_wconf 73' lang='lat'>‘2</span> 
     </span>
     <span class='ocr_line' id='line_1_8' title="bbox 95 967 1449 1023; baseline -0.001 -13"><span class='ocrx_word' id='word_1_46' title='bbox 95 975 213 1010; x_wconf 88' lang='lat' dir='ltr'>erunt</span> <span class='ocrx_word' id='word_1_47' title='bbox 232 969 330 1018; x_wconf 89' lang='lat' dir='ltr'>fere,</span> <span class='ocrx_word' id='word_1_48' title='bbox 351 969 423 1022; x_wconf 92' lang='lat' dir='ltr'>qui</span> <span class='ocrx_word' id='word_1_49' title='bbox 441 975 628 1023; x_wconf 86' lang='lat' dir='ltr'>expertes</span> <span class='ocrx_word' id='word_1_50' title='bbox 647 969 874 1009; x_wconf 82' lang='lat' dir='ltr'>litterarum</span> <span class='ocrx_word' id='word_1_51' title='bbox 889 967 1143 1010; x_wconf 86' lang='lat' dir='ltr'>Graecarum</span> <span class='ocrx_word' id='word_1_52' title='bbox 1160 969 1261 1009; x_wconf 89' lang='lat' dir='ltr'>nihil</span> <span class='ocrx_word' id='word_1_53' title='bbox 1280 976 1449 1017; x_wconf 86' lang='lat' dir='ltr'>rectum,</span> 
     </span>
     <span class='ocr_line' id='line_1_9' title="bbox 94 1025 1495 1084; baseline -0.001 -13"><span class='ocrx_word' id='word_1_54' title='bbox 94 1030 174 1071; x_wconf 78' lang='lat' dir='ltr'>nisi</span> <span class='ocrx_word' id='word_1_55' title='bbox 192 1031 304 1083; x_wconf 90' lang='lat' dir='ltr'>quod</span> <span class='ocrx_word' id='word_1_56' title='bbox 327 1030 513 1084; x_wconf 89' lang='lat' dir='ltr'>ipsorum</span> <span class='ocrx_word' id='word_1_57' title='bbox 531 1029 715 1070; x_wconf 84' lang='lat' dir='ltr'>moribus</span> <span class='ocrx_word' id='word_1_58' title='bbox 736 1030 964 1079; x_wconf 89' lang='lat' dir='ltr'>conveniat,</span> <span class='ocrx_word' id='word_1_59' title='bbox 990 1030 1206 1084; x_wconf 86' lang='lat' dir='ltr'>putabunt.</span> <span class='ocrx_word' id='word_1_60' title='bbox 1232 1025 1274 1070; x_wconf 82' lang='lat' dir='ltr'>hi</span> <span class='ocrx_word' id='word_1_61' title='bbox 1295 1031 1330 1070; x_wconf 94' lang='lat' dir='ltr'>si</span> <span class='ocrx_word' id='word_1_62' title='bbox 1349 1031 1452 1070; x_wconf 86' lang='lat' dir='ltr'>didi-</span> <span class='ocrx_word' id='word_1_63' title='bbox 1477 1043 1495 1070; x_wconf 83' lang='lat'><strong>3</strong></span> 
     </span>
     <span class='ocr_line' id='line_1_10' title="bbox 95 1090 1452 1145; baseline -0.001 -13"><span class='ocrx_word' id='word_1_64' title='bbox 95 1092 235 1141; x_wconf 89' lang='lat' dir='ltr'>cerint,</span> <span class='ocrx_word' id='word_1_65' title='bbox 261 1106 344 1132; x_wconf 90' lang='lat' dir='ltr'>non</span> <span class='ocrx_word' id='word_1_66' title='bbox 369 1091 515 1131; x_wconf 90' lang='lat' dir='ltr'>eadem</span> <span class='ocrx_word' id='word_1_67' title='bbox 539 1090 730 1132; x_wconf 89' lang='lat' dir='ltr'>omnibus</span> <span class='ocrx_word' id='word_1_68' title='bbox 757 1105 848 1131; x_wconf 87' lang='lat' dir='ltr'>esse</span> <span class='ocrx_word' id='word_1_69' title='bbox 868 1091 1042 1132; x_wconf 87' lang='lat' dir='ltr'>honesta</span> <span class='ocrx_word' id='word_1_70' title='bbox 1061 1098 1184 1144; x_wconf 86' lang='lat' dir='ltr'>atque</span> <span class='ocrx_word' id='word_1_71' title='bbox 1204 1091 1351 1145; x_wconf 85' lang='lat' dir='ltr'>turpia,</span> <span class='ocrx_word' id='word_1_72' title='bbox 1379 1092 1452 1132; x_wconf 90' lang='lat' dir='ltr'>sed</span> 
     </span>
     <span class='ocr_line' id='line_1_11' title="bbox 94 1152 1451 1202; baseline 0 -9"><span class='ocrx_word' id='word_1_73' title='bbox 94 1153 233 1193; x_wconf 88' lang='lat' dir='ltr'>omnia</span> <span class='ocrx_word' id='word_1_74' title='bbox 256 1152 459 1193; x_wconf 87' lang='lat' dir='ltr'>maiorum</span> <span class='ocrx_word' id='word_1_75' title='bbox 482 1152 680 1193; x_wconf 81' lang='lat' dir='ltr'>institutis</span> <span class='ocrx_word' id='word_1_76' title='bbox 704 1152 888 1201; x_wconf 88' lang='lat' dir='ltr'>iudicari,</span> <span class='ocrx_word' id='word_1_77' title='bbox 915 1167 998 1194; x_wconf 92' lang='grc'>11011</span> <span class='ocrx_word' id='word_1_78' title='bbox 1022 1152 1349 1202; x_wconf 86' lang='lat' dir='ltr'>admirabuntur,</span> <span class='ocrx_word' id='word_1_79' title='bbox 1375 1168 1451 1193; x_wconf 89' lang='lat' dir='ltr'>nos</span> 
     </span>
     <span class='ocr_line' id='line_1_12' title="bbox 92 1212 1450 1268; baseline 0.001 -14"><span class='ocrx_word' id='word_1_80' title='bbox 92 1213 135 1254; x_wconf 90' lang='lat' dir='ltr'>in</span> <span class='ocrx_word' id='word_1_81' title='bbox 161 1212 382 1255; x_wconf 87' lang='lat' dir='ltr'>Graiorum</span> <span class='ocrx_word' id='word_1_82' title='bbox 405 1213 625 1254; x_wconf 81' lang='lat' dir='ltr'>virtutibus</span> <span class='ocrx_word' id='word_1_83' title='bbox 656 1214 910 1268; x_wconf 85' lang='lat' dir='ltr'>exponendis</span> <span class='ocrx_word' id='word_1_84' title='bbox 936 1229 1070 1255; x_wconf 89' lang='lat' dir='ltr'>mores</span> <span class='ocrx_word' id='word_1_85' title='bbox 1101 1229 1243 1255; x_wconf 89' lang='lat' dir='ltr'>eorum</span> <span class='ocrx_word' id='word_1_86' title='bbox 1274 1221 1450 1255; x_wconf 86' lang='lat' dir='ltr'>secutos.</span> 
     </span>
     <span class='ocr_line' id='line_1_13' title="bbox 93 1273 1491 1330; baseline -0.001 -14"><span class='ocrx_word' id='word_1_87' title='bbox 93 1289 227 1328; x_wconf 90' lang='lat' dir='ltr'>neque</span> <span class='ocrx_word' id='word_1_88' title='bbox 252 1275 361 1316; x_wconf 88' lang='lat' dir='ltr'>enim</span> <span class='ocrx_word' id='word_1_89' title='bbox 383 1273 549 1316; x_wconf 87' lang='lat' dir='ltr'>Cimoni</span> <span class='ocrx_word' id='word_1_90' title='bbox 573 1275 653 1315; x_wconf 82' lang='lat' dir='ltr'>fuit</span> <span class='ocrx_word' id='word_1_91' title='bbox 677 1282 808 1330; x_wconf 85' lang='lat' dir='ltr'>turpe,</span> <span class='ocrx_word' id='word_1_92' title='bbox 828 1274 1149 1317; x_wconf 89' lang='lat' dir='ltr'>Atheniensium</span> <span class='ocrx_word' id='word_1_93' title='bbox 1169 1290 1330 1317; x_wconf 89' lang='lat' dir='ltr'>summo</span> <span class='ocrx_word' id='word_1_94' title='bbox 1348 1275 1448 1325; x_wconf 85' lang='lat' dir='ltr'>viro,</span> <span class='ocrx_word' id='word_1_95' title='bbox 1471 1288 1491 1315; x_wconf 88' lang='lat'>4</span> 
     </span>
     <span class='ocr_line' id='line_1_14' title="bbox 94 1337 1448 1393; baseline -0.001 -14"><span class='ocrx_word' id='word_1_96' title='bbox 94 1353 276 1381; x_wconf 85' lang='lat' dir='ltr'>sororem</span> <span class='ocrx_word' id='word_1_97' title='bbox 311 1353 551 1393; x_wconf 86' lang='lat' dir='ltr'>germanam</span> <span class='ocrx_word' id='word_1_98' title='bbox 586 1337 737 1379; x_wconf 87' lang='lat' dir='ltr'>habere</span> <span class='ocrx_word' id='word_1_99' title='bbox 774 1338 817 1378; x_wconf 91' lang='lat' dir='ltr'>in</span> <span class='ocrx_word' id='word_1_100' title='bbox 852 1338 1130 1378; x_wconf 87' lang='lat' dir='ltr'>matrimonio:</span> <span class='ocrx_word' id='word_1_101' title='bbox 1167 1338 1320 1392; x_wconf 87' lang='lat' dir='ltr'>quippe</span> <span class='ocrx_word' id='word_1_102' title='bbox 1356 1352 1448 1378; x_wconf 88' lang='grc'>011111</span> 
     </span>
     <span class='ocr_line' id='line_1_15' title="bbox 94 1399 1449 1452; baseline -0.001 -12"><span class='ocrx_word' id='word_1_103' title='bbox 94 1400 205 1440; x_wconf 82' lang='lat' dir='ltr'>cives</span> <span class='ocrx_word' id='word_1_104' title='bbox 231 1399 320 1440; x_wconf 88' lang='lat' dir='ltr'>eius</span> <span class='ocrx_word' id='word_1_105' title='bbox 346 1400 492 1441; x_wconf 89' lang='lat' dir='ltr'>eodem</span> <span class='ocrx_word' id='word_1_106' title='bbox 516 1405 727 1440; x_wconf 88' lang='lat' dir='ltr'>uterentur</span> <span class='ocrx_word' id='word_1_107' title='bbox 751 1399 951 1440; x_wconf 90' lang='lat' dir='ltr'>instituto.</span> <span class='ocrx_word' id='word_1_108' title='bbox 978 1406 1019 1440; x_wconf 86' lang='lat' dir='ltr'>at</span> <span class='ocrx_word' id='word_1_109' title='bbox 1042 1399 1085 1439; x_wconf 87' lang='lat' dir='ltr'>id</span> <span class='ocrx_word' id='word_1_110' title='bbox 1109 1399 1275 1452; x_wconf 84' lang='lat' dir='ltr'>quidem</span> <span class='ocrx_word' id='word_1_111' title='bbox 1300 1399 1449 1440; x_wconf 88' lang='lat' dir='ltr'>nostris</span> 
     </span>
     <span class='ocr_line' id='line_1_16' title="bbox 93 1458 1451 1502; baseline -0.001 -1"><span class='ocrx_word' id='word_1_112' title='bbox 93 1460 276 1502; x_wconf 90' lang='lat' dir='ltr'>moribus</span> <span class='ocrx_word' id='word_1_113' title='bbox 306 1461 424 1502; x_wconf 84' lang='lat' dir='ltr'>nefas</span> <span class='ocrx_word' id='word_1_114' title='bbox 461 1460 648 1502; x_wconf 83' lang='lat' dir='ltr'>habetur.</span> <span class='ocrx_word' id='word_1_115' title='bbox 690 1461 805 1501; x_wconf 90' lang='lat' dir='ltr'>laudi</span> <span class='ocrx_word' id='word_1_116' title='bbox 834 1460 876 1500; x_wconf 92' lang='lat' dir='ltr'>in</span> <span class='ocrx_word' id='word_1_117' title='bbox 909 1458 1086 1501; x_wconf 83' lang='lat' dir='ltr'>Graecia</span> <span class='ocrx_word' id='word_1_118' title='bbox 1117 1460 1279 1500; x_wconf 89' lang='lat' dir='ltr'>ducitur</span> <span class='ocrx_word' id='word_1_119' title='bbox 1314 1460 1451 1501; x_wconf 88' lang='lat' dir='ltr'>adole-</span> 
     </span>
     <span class='ocr_line' id='line_1_17' title="bbox 95 1521 1451 1576; baseline 0 -14"><span class='ocrx_word' id='word_1_120' title='bbox 95 1522 290 1563; x_wconf 85' lang='lat' dir='ltr'>scentulis</span> <span class='ocrx_word' id='word_1_121' title='bbox 316 1537 439 1575; x_wconf 85' lang='lat' dir='ltr'>quam</span> <span class='ocrx_word' id='word_1_122' title='bbox 458 1522 657 1576; x_wconf 88' lang='lat' dir='ltr'>plurimos</span> <span class='ocrx_word' id='word_1_123' title='bbox 682 1521 835 1563; x_wconf 88' lang='lat' dir='ltr'>habere</span> <span class='ocrx_word' id='word_1_124' title='bbox 860 1528 1076 1563; x_wconf 88' lang='lat' dir='ltr'>amatores.</span> <span class='ocrx_word' id='word_1_125' title='bbox 1113 1521 1226 1562; x_wconf 87' lang='lat' dir='ltr'>nulla</span> <span class='ocrx_word' id='word_1_126' title='bbox 1237 1522 1451 1562; x_wconf 88' lang='lat' dir='ltr'>Lacedae-</span> 
     </span>
     <span class='ocr_line' id='line_1_18' title="bbox 93 1583 1452 1637; baseline -0.001 -13"><span class='ocrx_word' id='word_1_127' title='bbox 93 1584 205 1624; x_wconf 90' lang='lat' dir='ltr'>moni</span> <span class='ocrx_word' id='word_1_128' title='bbox 229 1584 457 1624; x_wconf 87' lang='lat' dir='ltr'>viduatam</span> <span class='ocrx_word' id='word_1_129' title='bbox 482 1590 545 1625; x_wconf 85' lang='lat' dir='ltr'>est</span> <span class='ocrx_word' id='word_1_130' title='bbox 563 1583 726 1633; x_wconf 88' lang='lat' dir='ltr'>nobilis,</span> <span class='ocrx_word' id='word_1_131' title='bbox 752 1598 858 1637; x_wconf 89' lang='lat' dir='ltr'>quae</span> <span class='ocrx_word' id='word_1_132' title='bbox 882 1598 964 1625; x_wconf 90' lang='lat' dir='ltr'>non</span> <span class='ocrx_word' id='word_1_133' title='bbox 984 1584 1037 1624; x_wconf 86' lang='lat' dir='ltr'>ad</span> <span class='ocrx_word' id='word_1_134' title='bbox 1061 1598 1231 1624; x_wconf 89' lang='lat' dir='ltr'>coenam</span> <span class='ocrx_word' id='word_1_135' title='bbox 1257 1589 1322 1624; x_wconf 83' lang='lat' dir='ltr'>eat</span> <span class='ocrx_word' id='word_1_136' title='bbox 1345 1598 1452 1623; x_wconf 90' lang='lat' dir='ltr'>mer-</span> 
     </span>
     <span class='ocr_line' id='line_1_19' title="bbox 94 1644 1492 1702; baseline 0 -15"><span class='ocrx_word' id='word_1_137' title='bbox 94 1646 193 1687; x_wconf 89' lang='lat' dir='ltr'>cede</span> <span class='ocrx_word' id='word_1_138' title='bbox 219 1646 433 1687; x_wconf 81' lang='lat' dir='ltr'>conducta.</span> <span class='ocrx_word' id='word_1_139' title='bbox 471 1647 633 1702; x_wconf 82' lang='lat' dir='ltr'>magnis</span> <span class='ocrx_word' id='word_1_140' title='bbox 664 1647 706 1687; x_wconf 92' lang='lat' dir='ltr'>in</span> <span class='ocrx_word' id='word_1_141' title='bbox 730 1645 922 1687; x_wconf 81' lang='lat' dir='ltr'>laudibus</span> <span class='ocrx_word' id='word_1_142' title='bbox 948 1652 1034 1687; x_wconf 87' lang='lat' dir='ltr'>tota</span> <span class='ocrx_word' id='word_1_143' title='bbox 1058 1645 1145 1686; x_wconf 86' lang='lat' dir='ltr'>fere</span> <span class='ocrx_word' id='word_1_144' title='bbox 1169 1645 1248 1685; x_wconf 86' lang='lat' dir='ltr'>fuit</span> <span class='ocrx_word' id='word_1_145' title='bbox 1274 1644 1450 1686; x_wconf 85' lang='lat' dir='ltr'>Graecia</span> <span class='ocrx_word' id='word_1_146' title='bbox 1473 1659 1492 1687; x_wconf 83' lang='lat'>5</span> 
     </span>
     <span class='ocr_line' id='line_1_20' title="bbox 93 1707 1452 1762; baseline -0.001 -14"><span class='ocrx_word' id='word_1_147' title='bbox 93 1708 291 1749; x_wconf 85' lang='lat' dir='ltr'>victorem</span> <span class='ocrx_word' id='word_1_148' title='bbox 317 1707 540 1762; x_wconf 87' lang='lat' dir='ltr'>Olympiae</span> <span class='ocrx_word' id='word_1_149' title='bbox 565 1708 699 1757; x_wconf 81' lang='lat' dir='ltr'>citari3</span> <span class='ocrx_word' id='word_1_150' title='bbox 730 1708 772 1748; x_wconf 90' lang='lat' dir='ltr'>in</span> <span class='ocrx_word' id='word_1_151' title='bbox 798 1723 964 1749; x_wconf 88' lang='lat' dir='ltr'>scenam</span> <span class='ocrx_word' id='word_1_152' title='bbox 995 1722 1092 1748; x_wconf 90' lang='lat' dir='ltr'>vero</span> <span class='ocrx_word' id='word_1_153' title='bbox 1117 1707 1280 1761; x_wconf 78' lang='lat' dir='ltr'>prodire</span> <span class='ocrx_word' id='word_1_154' title='bbox 1306 1721 1354 1747; x_wconf 90' lang='lat' dir='ltr'>ac</span> <span class='ocrx_word' id='word_1_155' title='bbox 1377 1721 1452 1761; x_wconf 80' lang='lat' dir='ltr'>po·-</span> 
     </span>
     <span class='ocr_line' id='line_1_21' title="bbox 91 1768 1451 1824; baseline -0.001 -14"><span class='ocrx_word' id='word_1_156' title='bbox 91 1770 190 1824; x_wconf 91' lang='lat' dir='ltr'>pulo</span> <span class='ocrx_word' id='word_1_157' title='bbox 221 1784 312 1811; x_wconf 88' lang='lat' dir='ltr'>esse</span> <span class='ocrx_word' id='word_1_158' title='bbox 344 1769 578 1824; x_wconf 87' lang='lat' dir='ltr'>spectaculo</span> <span class='ocrx_word' id='word_1_159' title='bbox 609 1770 763 1810; x_wconf 89' lang='lat' dir='ltr'>nemini</span> <span class='ocrx_word' id='word_1_160' title='bbox 793 1770 836 1810; x_wconf 91' lang='lat' dir='ltr'>in</span> <span class='ocrx_word' id='word_1_161' title='bbox 866 1769 1021 1810; x_wconf 90' lang='lat' dir='ltr'>eisdem</span> <span class='ocrx_word' id='word_1_162' title='bbox 1046 1768 1239 1824; x_wconf 88' lang='lat' dir='ltr'>gentibus</span> <span class='ocrx_word' id='word_1_163' title='bbox 1264 1769 1343 1809; x_wconf 85' lang='lat' dir='ltr'>fuit</span> <span class='ocrx_word' id='word_1_164' title='bbox 1367 1775 1451 1809; x_wconf 89' lang='lat' dir='ltr'>tur-</span> 
     </span>
     <span class='ocr_line' id='line_1_22' title="bbox 91 1830 1449 1885; baseline 0 -15"><span class='ocrx_word' id='word_1_165' title='bbox 91 1830 280 1885; x_wconf 88' lang='lat' dir='ltr'>pitudini.</span> <span class='ocrx_word' id='word_1_166' title='bbox 329 1845 436 1884; x_wconf 88' lang='lat' dir='ltr'>quae</span> <span class='ocrx_word' id='word_1_167' title='bbox 467 1831 606 1872; x_wconf 87' lang='lat' dir='ltr'>omnia</span> <span class='ocrx_word' id='word_1_168' title='bbox 641 1831 752 1885; x_wconf 88' lang='lat' dir='ltr'>apud</span> <span class='ocrx_word' id='word_1_169' title='bbox 781 1846 857 1872; x_wconf 91' lang='lat' dir='ltr'>nos</span> <span class='ocrx_word' id='word_1_170' title='bbox 888 1831 1036 1885; x_wconf 85' lang='lat' dir='ltr'>partim</span> <span class='ocrx_word' id='word_1_171' title='bbox 1073 1830 1263 1879; x_wconf 86' lang='lat' dir='ltr'>infamia,</span> <span class='ocrx_word' id='word_1_172' title='bbox 1301 1830 1449 1884; x_wconf 86' lang='lat' dir='ltr'>partim</span> 
     </span>
     <span class='ocr_line' id='line_1_23' title="bbox 91 1891 1493 1947; baseline -0.001 -15"><span class='ocrx_word' id='word_1_173' title='bbox 91 1891 263 1933; x_wconf 88' lang='lat' dir='ltr'>humilia</span> <span class='ocrx_word' id='word_1_174' title='bbox 292 1898 415 1946; x_wconf 86' lang='lat' dir='ltr'>atque</span> <span class='ocrx_word' id='word_1_175' title='bbox 446 1891 498 1934; x_wconf 87' lang='lat' dir='ltr'>ab</span> <span class='ocrx_word' id='word_1_176' title='bbox 528 1892 742 1934; x_wconf 87' lang='lat' dir='ltr'>honestate</span> <span class='ocrx_word' id='word_1_177' title='bbox 771 1899 930 1934; x_wconf 88' lang='lat' dir='ltr'>remota</span> <span class='ocrx_word' id='word_1_178' title='bbox 958 1899 1179 1947; x_wconf 87' lang='lat' dir='ltr'>ponuntur.</span> <span class='ocrx_word' id='word_1_179' title='bbox 1229 1899 1372 1933; x_wconf 88' lang='lat' dir='ltr'>contra</span> <span class='ocrx_word' id='word_1_180' title='bbox 1403 1907 1451 1932; x_wconf 83' lang='lat' dir='ltr'>ea</span> <span class='ocrx_word' id='word_1_181' title='bbox 1476 1903 1493 1930; x_wconf 75' lang='grc'>6</span> 
     </span>
     <span class='ocr_line' id='line_1_24' title="bbox 91 1953 1451 2008; baseline -0.001 -13"><span class='ocrx_word' id='word_1_182' title='bbox 91 1953 286 2008; x_wconf 89' lang='lat' dir='ltr'>pleraque</span> <span class='ocrx_word' id='word_1_183' title='bbox 310 1954 461 1996; x_wconf 87' lang='lat' dir='ltr'>nostris</span> <span class='ocrx_word' id='word_1_184' title='bbox 480 1954 664 1996; x_wconf 86' lang='lat' dir='ltr'>moribus</span> <span class='ocrx_word' id='word_1_185' title='bbox 685 1961 780 1996; x_wconf 84' lang='lat' dir='ltr'>sunt</span> <span class='ocrx_word' id='word_1_186' title='bbox 803 1955 963 2003; x_wconf 85' lang='lat' dir='ltr'>decora,</span> <span class='ocrx_word' id='word_1_187' title='bbox 990 1969 1095 2008; x_wconf 87' lang='lat' dir='ltr'>quae</span> <span class='ocrx_word' id='word_1_188' title='bbox 1115 1954 1225 2008; x_wconf 89' lang='lat' dir='ltr'>apud</span> <span class='ocrx_word' id='word_1_189' title='bbox 1249 1954 1340 1994; x_wconf 88' lang='lat' dir='ltr'>illos</span> <span class='ocrx_word' id='word_1_190' title='bbox 1367 1960 1451 1993; x_wconf 87' lang='lat' dir='ltr'>tur-</span> 
     </span>
     <span class='ocr_line' id='line_1_25' title="bbox 91 2015 1451 2070; baseline -0.001 -14"><span class='ocrx_word' id='word_1_191' title='bbox 91 2015 160 2070; x_wconf 82' lang='lat' dir='ltr'>pia</span> <span class='ocrx_word' id='word_1_192' title='bbox 183 2022 390 2070; x_wconf 86' lang='lat' dir='ltr'>putantur.</span> <span class='ocrx_word' id='word_1_193' title='bbox 428 2031 551 2070; x_wconf 91' lang='lat' dir='ltr'>quem</span> <span class='ocrx_word' id='word_1_194' title='bbox 577 2017 686 2057; x_wconf 88' lang='lat' dir='ltr'>enim</span> <span class='ocrx_word' id='word_1_195' title='bbox 710 2017 994 2058; x_wconf 85' lang='lat' dir='ltr'>Romanorum</span> <span class='ocrx_word' id='word_1_196' title='bbox 1023 2016 1151 2070; x_wconf 85' lang='lat' dir='ltr'>pudet</span> <span class='ocrx_word' id='word_1_197' title='bbox 1180 2030 1350 2056; x_wconf 91' lang='lat' dir='ltr'>uxorem</span> <span class='ocrx_word' id='word_1_198' title='bbox 1376 2015 1451 2055; x_wconf 91' lang='lat' dir='ltr'>du-</span> 
     </span>
     <span class='ocr_line' id='line_1_26' title="bbox 93 2077 1449 2131; baseline -0.001 -13"><span class='ocrx_word' id='word_1_199' title='bbox 93 2092 183 2118; x_wconf 91' lang='lat' dir='ltr'>cere</span> <span class='ocrx_word' id='word_1_200' title='bbox 208 2078 250 2118; x_wconf 92' lang='lat' dir='ltr'>in</span> <span class='ocrx_word' id='word_1_201' title='bbox 275 2078 536 2119; x_wconf 66' lang='lat' dir='ltr'>convivium?</span> <span class='ocrx_word' id='word_1_202' title='bbox 566 2086 638 2119; x_wconf 87' lang='lat' dir='ltr'>aut</span> <span class='ocrx_word' id='word_1_203' title='bbox 661 2079 778 2120; x_wconf 91' lang='lat' dir='ltr'>cuius</span> <span class='ocrx_word' id='word_1_204' title='bbox 804 2094 886 2120; x_wconf 92' lang='grc'>11011</span> <span class='ocrx_word' id='word_1_205' title='bbox 916 2084 1046 2119; x_wconf 89' lang='lat' dir='ltr'>mater</span> <span class='ocrx_word' id='word_1_206' title='bbox 1069 2077 1247 2118; x_wconf 87' lang='lat' dir='ltr'>familias</span> <span class='ocrx_word' id='word_1_207' title='bbox 1272 2077 1449 2131; x_wconf 88' lang='lat' dir='ltr'>primum</span> 
     </span>
     <span class='ocr_line' id='line_1_27' title="bbox 91 2139 1492 2194; baseline 0.001 -15"><span class='ocrx_word' id='word_1_208' title='bbox 91 2139 227 2180; x_wconf 81' lang='lat' dir='ltr'>locum</span> <span class='ocrx_word' id='word_1_209' title='bbox 263 2146 374 2181; x_wconf 85' lang='lat' dir='ltr'>tenet</span> <span class='ocrx_word' id='word_1_210' title='bbox 409 2141 574 2181; x_wconf 85' lang='lat' dir='ltr'>aedium</span> <span class='ocrx_word' id='word_1_211' title='bbox 604 2147 726 2194; x_wconf 86' lang='lat' dir='ltr'>atque</span> <span class='ocrx_word' id='word_1_212' title='bbox 755 2141 798 2182; x_wconf 90' lang='lat' dir='ltr'>in</span> <span class='ocrx_word' id='word_1_213' title='bbox 828 2140 1063 2181; x_wconf 87' lang='lat' dir='ltr'>celebritate</span> <span class='ocrx_word' id='word_1_214' title='bbox 1093 2139 1304 2180; x_wconf 79' lang='lat' dir='ltr'>versatur?</span> <span class='ocrx_word' id='word_1_215' title='bbox 1339 2139 1450 2192; x_wconf 89' lang='lat' dir='ltr'>quod</span> <span class='ocrx_word' id='word_1_216' title='bbox 1477 2153 1492 2180; x_wconf 86' lang='grc'>7</span> 
     </span>
     <span class='ocr_line' id='line_1_28' title="bbox 91 2200 1450 2255; baseline -0.001 -14"><span class='ocrx_word' id='word_1_217' title='bbox 91 2201 220 2242; x_wconf 89' lang='lat' dir='ltr'>multo</span> <span class='ocrx_word' id='word_1_218' title='bbox 245 2201 291 2242; x_wconf 82' lang='lat' dir='ltr'>fit</span> <span class='ocrx_word' id='word_1_219' title='bbox 320 2202 437 2243; x_wconf 89' lang='lat' dir='ltr'>aliter</span> <span class='ocrx_word' id='word_1_220' title='bbox 466 2202 510 2242; x_wconf 89' lang='lat' dir='ltr'>in</span> <span class='ocrx_word' id='word_1_221' title='bbox 535 2201 723 2244; x_wconf 86' lang='lat' dir='ltr'>Graecia.</span> <span class='ocrx_word' id='word_1_222' title='bbox 761 2218 858 2243; x_wconf 88' lang='lat' dir='ltr'>nam</span> <span class='ocrx_word' id='word_1_223' title='bbox 888 2216 1021 2255; x_wconf 87' lang='lat' dir='ltr'>neque</span> <span class='ocrx_word' id='word_1_224' title='bbox 1052 2202 1094 2242; x_wconf 92' lang='lat' dir='ltr'>in</span> <span class='ocrx_word' id='word_1_225' title='bbox 1119 2201 1354 2242; x_wconf 88' lang='lat' dir='ltr'>convivium</span> <span class='ocrx_word' id='word_1_226' title='bbox 1379 2200 1450 2240; x_wconf 87' lang='lat' dir='ltr'>ad-</span> 
     </span>
     <span class='ocr_line' id='line_1_29' title="bbox 91 2261 1448 2318; baseline -0.002 -15"><span class='ocrx_word' id='word_1_227' title='bbox 91 2262 255 2303; x_wconf 81' lang='lat' dir='ltr'>hibetur</span> <span class='ocrx_word' id='word_1_228' title='bbox 283 2263 363 2304; x_wconf 88' lang='lat' dir='ltr'>nisi</span> <span class='ocrx_word' id='word_1_229' title='bbox 387 2264 730 2318; x_wconf 88' lang='lat' dir='ltr'>propinquorum,</span> <span class='ocrx_word' id='word_1_230' title='bbox 768 2279 902 2317; x_wconf 88' lang='lat' dir='ltr'>neque</span> <span class='ocrx_word' id='word_1_231' title='bbox 934 2264 1049 2305; x_wconf 86' lang='lat' dir='ltr'>sedet</span> <span class='ocrx_word' id='word_1_232' title='bbox 1078 2263 1158 2304; x_wconf 90' lang='lat' dir='ltr'>nisi</span> <span class='ocrx_word' id='word_1_233' title='bbox 1187 2263 1230 2303; x_wconf 90' lang='grc'>111</span> <span class='ocrx_word' id='word_1_234' title='bbox 1259 2261 1448 2302; x_wconf 87' lang='lat' dir='ltr'>interiore</span> 
     </span>
     <span class='ocr_line' id='line_1_30' title="bbox 91 2324 1448 2380; baseline 0 -18"><span class='ocrx_word' id='word_1_235' title='bbox 91 2329 207 2377; x_wconf 85' lang='lat' dir='ltr'>parte</span> <span class='ocrx_word' id='word_1_236' title='bbox 242 2324 424 2373; x_wconf 90' lang='lat' dir='ltr'>aedium,</span> <span class='ocrx_word' id='word_1_237' title='bbox 461 2340 567 2377; x_wconf 89' lang='lat' dir='ltr'>quae</span> <span class='ocrx_word' id='word_1_238' title='bbox 603 2326 887 2380; x_wconf 81' lang='lat' dir='ltr'>gynaeconitis</span> <span class='ocrx_word' id='word_1_239' title='bbox 924 2325 1170 2380; x_wconf 85' lang='lat' dir='ltr'>appellatur,</span> <span class='ocrx_word' id='word_1_240' title='bbox 1209 2337 1290 2375; x_wconf 91' lang='lat' dir='ltr'>quo</span> <span class='ocrx_word' id='word_1_241' title='bbox 1326 2337 1448 2362; x_wconf 88' lang='lat' dir='ltr'>nemo</span> 
     </span>
     <span class='ocr_line' id='line_1_31' title="bbox 93 2383 1491 2441; baseline 0 -19"><span class='ocrx_word' id='word_1_242' title='bbox 93 2383 250 2423; x_wconf 87' lang='lat' dir='ltr'>accedit</span> <span class='ocrx_word' id='word_1_243' title='bbox 268 2385 347 2424; x_wconf 88' lang='lat' dir='ltr'>nisi</span> <span class='ocrx_word' id='word_1_244' title='bbox 366 2386 595 2439; x_wconf 89' lang='lat' dir='ltr'>propinqua</span> <span class='ocrx_word' id='word_1_245' title='bbox 614 2387 857 2441; x_wconf 83' lang='lat' dir='ltr'>cognatione</span> <span class='ocrx_word' id='word_1_246' title='bbox 871 2387 1125 2427; x_wconf 88' lang='lat' dir='ltr'>coniunctus.</span> <span class='ocrx_word' id='word_1_247' title='bbox 1153 2385 1226 2425; x_wconf 90' lang='lat' dir='ltr'>sed</span> <span class='ocrx_word' id='word_1_248' title='bbox 1244 2384 1311 2424; x_wconf 89' lang='lat' dir='ltr'>hic</span> <span class='ocrx_word' id='word_1_249' title='bbox 1329 2384 1447 2438; x_wconf 84' lang='lat' dir='ltr'>plura</span> <span class='ocrx_word' id='word_1_250' title='bbox 1473 2395 1491 2423; x_wconf 85' lang='lat'>8</span> 
     </span>
     <span class='ocr_line' id='line_1_32' title="bbox 92 2443 1447 2501; baseline -0.001 -16"><span class='ocrx_word' id='word_1_251' title='bbox 92 2445 284 2499; x_wconf 89' lang='lat' dir='ltr'>persequi</span> <span class='ocrx_word' id='word_1_252' title='bbox 311 2443 436 2500; x_wconf 88' lang='lat' dir='ltr'>[tum]</span> <span class='ocrx_word' id='word_1_253' title='bbox 463 2447 705 2501; x_wconf 82' lang='lat' dir='ltr'>magnitudo</span> <span class='ocrx_word' id='word_1_254' title='bbox 736 2447 956 2488; x_wconf 80' lang='lat' dir='ltr'>voluminis</span> <span class='ocrx_word' id='word_1_255' title='bbox 987 2445 1194 2500; x_wconf 87' lang='lat' dir='ltr'>prohibet,</span> <span class='ocrx_word' id='word_1_256' title='bbox 1222 2452 1308 2485; x_wconf 88' lang='lat' dir='ltr'>tum</span> <span class='ocrx_word' id='word_1_257' title='bbox 1333 2445 1447 2484; x_wconf 86' lang='lat' dir='ltr'>festi-</span> 
     </span>
     <span class='ocr_line' id='line_1_33' title="bbox 92 2506 1447 2561; baseline -0.001 -15"><span class='ocrx_word' id='word_1_258' title='bbox 92 2507 222 2556; x_wconf 85' lang='lat' dir='ltr'>natio,</span> <span class='ocrx_word' id='word_1_259' title='bbox 254 2512 300 2546; x_wconf 91' lang='lat' dir='ltr'>ut</span> <span class='ocrx_word' id='word_1_260' title='bbox 325 2521 373 2547; x_wconf 87' lang='lat' dir='ltr'>ea</span> <span class='ocrx_word' id='word_1_261' title='bbox 398 2507 618 2561; x_wconf 79' lang='lat' dir='ltr'>explicem,</span> <span class='ocrx_word' id='word_1_262' title='bbox 651 2522 756 2561; x_wconf 85' lang='lat' dir='ltr'>quae</span> <span class='ocrx_word' id='word_1_263' title='bbox 783 2522 953 2555; x_wconf 86' lang='lat' dir='ltr'>exorsus</span> <span class='ocrx_word' id='word_1_264' title='bbox 980 2521 1083 2546; x_wconf 91' lang='lat' dir='ltr'>sum.</span> <span class='ocrx_word' id='word_1_265' title='bbox 1127 2520 1251 2558; x_wconf 89' lang='lat' dir='ltr'>quare</span> <span class='ocrx_word' id='word_1_266' title='bbox 1278 2506 1329 2545; x_wconf 86' lang='lat' dir='ltr'>ad</span> <span class='ocrx_word' id='word_1_267' title='bbox 1354 2520 1447 2559; x_wconf 86' lang='lat' dir='ltr'>pro-</span> 
     </span>
     <span class='ocr_line' id='line_1_34' title="bbox 92 2566 1446 2621; baseline -0.001 -13"><span class='ocrx_word' id='word_1_268' title='bbox 92 2568 273 2621; x_wconf 87' lang='lat' dir='ltr'>positum</span> <span class='ocrx_word' id='word_1_269' title='bbox 303 2568 515 2610; x_wconf 84' lang='lat' dir='ltr'>veniemus</span> <span class='ocrx_word' id='word_1_270' title='bbox 542 2576 581 2609; x_wconf 86' lang='lat' dir='ltr'>et</span> <span class='ocrx_word' id='word_1_271' title='bbox 606 2569 648 2609; x_wconf 90' lang='lat' dir='ltr'>in</span> <span class='ocrx_word' id='word_1_272' title='bbox 671 2570 750 2609; x_wconf 89' lang='lat' dir='ltr'>hoc</span> <span class='ocrx_word' id='word_1_273' title='bbox 781 2582 1033 2621; x_wconf 84' lang='lat' dir='ltr'>exponemus</span> <span class='ocrx_word' id='word_1_274' title='bbox 1064 2566 1167 2607; x_wconf 90' lang='lat' dir='ltr'>libro</span> <span class='ocrx_word' id='word_1_275' title='bbox 1193 2567 1242 2606; x_wconf 87' lang='lat' dir='ltr'>dc</span> <span class='ocrx_word' id='word_1_276' title='bbox 1268 2566 1351 2606; x_wconf 73' lang='lat' dir='ltr'>vita</span> <span class='ocrx_word' id='word_1_277' title='bbox 1377 2581 1446 2606; x_wconf 88' lang='lat' dir='ltr'>ex-</span> 
     </span>
     <span class='ocr_line' id='line_1_35' title="bbox 93 2628 655 2683; baseline 0.004 -15"><span class='ocrx_word' id='word_1_278' title='bbox 93 2628 326 2669; x_wconf 87' lang='lat' dir='ltr'>cellentium</span> <span class='ocrx_word' id='word_1_279' title='bbox 352 2629 655 2683; x_wconf 84' lang='lat' dir='ltr'>imperatorum.</span> 
     </span>
    </p>
   </div>
   <div class='ocr_carea' id='block_1_4' title="bbox 162 2756 1160 2790">
    <p class='ocr_par' dir='ltr' id='par_1_4' title="bbox 162 2756 1160 2790">
     <span class='ocr_line' id='line_1_36' title="bbox 162 2756 1160 2790; baseline 0.005 -7"><span class='ocrx_word' id='word_1_280' title='bbox 162 2757 308 2784; x_wconf 68' lang='lat' dir='ltr'>Cornelius</span> <span class='ocrx_word' id='word_1_281' title='bbox 327 2757 431 2790; x_wconf 73' lang='lat' dir='ltr'>Nepos.</span> <span class='ocrx_word' id='word_1_282' title='bbox 1144 2756 1160 2788; x_wconf 84' lang='lat'>1</span> 
     </span>
    </p>
   </div>
  </div>
 </body>
</html>
