1788 3200
273 1054 290 1082 10

320 216 373 254 (34
756 219 995 254 CORNELII
1019 218 1236 255 NEPOTIS

318 296 552 338 adduceret.
591 294 632 335 id
657 309 739 348 quo
764 294 926 336 facilius
953 295 1125 345 faceret,
1153 310 1196 336 50
1223 295 1414 338 omnibus
1440 297 1672 351 praesectis,

318 358 388 411 qui
418 357 461 397 in
491 356 629 397 officio
660 356 902 406 manebant,
940 357 1104 398 misisse
1135 357 1310 408 litteras,
1343 365 1388 399 ut.
1419 359 1455 399 ei
1484 367 1674 414 parerent

319 421 489 473 eiusque
514 419 695 461 consiliis
721 426 944 461 uterentur.
988 420 1052 460 his
1077 420 1200 462 rebus
1225 420 1438 461 Eumenes
1464 427 1674 475 permotus

318 482 446 524 satius
478 483 613 531 duxit,
652 482 686 523 si
716 482 772 523 ita
802 482 963 523 tulisset
993 482 1175 531 fortuna,
1213 483 1345 537 perire
1377 483 1481 525 bene
1519 483 1674 524 meritis

317 546 561 586 referentem
586 545 761 600 gratiam
786 559 911 598 quam
936 545 1143 599 ingratum
1170 545 1319 586 vivere.

386 606 485 648 VII.
524 607 670 660 Itaque
697 607 836 661 copias
862 607 1075 655 contraxit,
1104 606 1257 646 bellum
1283 607 1481 649 adversus
1497 606 1675 662 Antigo-

317 684 415 709 num
447 669 713 723 comparavit.
757 668 868 721 quod
899 683 982 709 una
1012 676 1126 709 erant
1152 667 1408 710 Macedones
1442 669 1674 724 complures

317 731 490 779 nobiles,
516 730 557 770 in
582 730 645 770 his
671 729 917 778 Peucestes,
944 729 1015 782 qui
1041 729 1222 784 corporis
1249 737 1389 771 custos
1415 730 1550 771 fuerat
1573 730 1674 771 Ale-

315 792 481 841 xandri,
525 798 612 832 tum
650 797 787 832 autem
825 791 1036 832 obtinebat
1073 791 1307 841 Persidem,
1353 799 1392 832 et
1427 792 1673 847 Antigenes,

317 854 434 895 0111115
473 854 550 895 sub
587 854 760 909 imperio
796 853 978 908 phalanx
1015 861 1101 894 erat
1132 853 1432 904 Macedonum,
1478 855 1675 896 invidiam

317 931 483 966 verens,
515 930 641 970 quam
672 922 810 957 tamen
842 916 1025 970 effugere
1057 932 1139 957 non
1168 917 1320 971 potuit,
1355 917 1389 957 si
1420 917 1556 971 potius
1587 917 1676 971 ipse

317 979 548 1033 alienigena
568 979 718 1019 summi
737 978 898 1032 imperii
918 979 1128 1033 potiretur,
1155 993 1278 1032 quam
1300 979 1368 1019 alii
1381 979 1675 1028 Macedonum,

317 1056 491 1094 quorum
517 1040 574 1081 ibi
599 1047 686 1081 erat
709 1041 947 1081 multitudo:
974 1041 1015 1081 in
1034 1041 1247 1095 principiis
1262 1041 1493 1082 Alexandri
1512 1041 1676 1082 nomine

318 1103 628 1144 tabernaculum
655 1104 797 1144 statuit
822 1104 864 1143 in
884 1118 1015 1156 eoque
1042 1103 1185 1144 sellam
1206 1119 1372 1144 auream
1393 1119 1487 1145 011111
1515 1110 1676 1159 sceptro

318 1180 366 1206 ac
391 1165 624 1207 diademate
649 1165 771 1206 iussit
794 1165 893 1220 poni
913 1180 1044 1219 eoque
1070 1181 1212 1207 onmes
1233 1166 1416 1219 quotidie
1443 1166 1674 1212 convenire,

317 1234 363 1269 ut
386 1228 444 1269 ibi
470 1229 520 1269 de
548 1228 719 1270 summis
751 1228 876 1269 rebus
903 1228 1074 1269 consilia
1100 1235 1355 1283 caperentur,
1388 1229 1574 1277 credens,
1601 1228 1676 1268 mi-

316 1305 415 1331 nore
442 1305 485 1331 50
510 1291 665 1331 invidia
690 1290 789 1337 fore,
818 1291 853 1330 si
878 1290 1014 1345 specie
1040 1290 1200 1345 imperii
1220 1290 1482 1344 nominisque
1508 1290 1676 1331 simula-

317 1352 427 1392 tione
452 1351 683 1392 Alexandri
716 1352 870 1392 bellum
904 1353 1112 1393 videretur
1142 1352 1443 1392 administrare.
1494 1353 1606 1405 quod
1637 1359 1674 1392 et

317 1414 427 1454 fecit.
464 1429 561 1454 nam
593 1428 686 1454 011111
718 1429 800 1454 11011
826 1414 879 1454 ad
902 1413 1106 1455 Eumenis
1139 1414 1353 1469 principia,
1381 1414 1455 1454 sed
1481 1414 1534 1454 ad
1563 1414 1677 1468 regia

317 1475 603 1517 conveniretur
616 1484 739 1529 atque
759 1476 881 1517 ibide
901 1476 1025 1518 rebus
1041 1476 1348 1526 deliberaretur,
1369 1476 1676 1529 quodammodo

316 1538 482 1587 latebat,
510 1553 605 1579 cum
629 1546 766 1579 tamen
792 1553 866 1593 per
890 1554 985 1580 eum
1010 1555 1138 1580 unuln
1164 1546 1404 1594 gererentur
1428 1539 1577 1579 onmia.

385 1600 508 1642 VIII.
547 1600 632 1641 Hic
662 1601 705 1641 in
728 1600 968 1642 Paraetacis
1001 1616 1096 1642 011111
1120 1600 1336 1656 Antigono
1362 1601 1562 1649 conflixit,
1595 1616 1675 1641 11011

317 1662 404 1704 acie
428 1662 648 1712 instructa,
683 1663 755 1704 sed
790 1663 832 1703 in
857 1663 1022 1712 itinere,
1055 1678 1233 1717 eumque
1258 1663 1365 1703 male
1396 1669 1609 1717 acceptum
1635 1662 1676 1702 in

315 1724 502 1765 Mediam
532 1725 758 1765 hiematum
791 1726 926 1780 co'egit
950 1726 1094 1766 redire.
1132 1726 1221 1780 ipse
1246 1725 1289 1766 in
1313 1724 1486 1765 finitima
1511 1724 1676 1779 regione

316 1786 500 1828 Persidis
531 1786 756 1827 hiematum
789 1788 929 1842 copias
961 1787 1117 1836 divisit,
1156 1803 1239 1828 non
1268 1793 1314 1827 ut
1343 1787 1490 1835 voluit,
1529 1787 1601 1827 sed
1633 1792 1676 1826 ut

319 1849 495 1889 militum
521 1848 697 1904 cogebat
722 1849 926 1890 voluntas.
964 1864 1143 1902 namque
1163 1849 1233 1889 illa
1250 1849 1431 1903 phalanx
1445 1848 1674 1889 Alexandri

317 1910 477 1966 Magni,
505 1925 610 1964 quae
624 1910 771 1951 Asiam
793 1918 1032 1966 peragrarat
1057 1911 1345 1963 deviceratque
1370 1910 1535 1959 Persas,
1562 1910 1675 1950 inve-

317 1980 447 2015 terata
470 1988 563 2014 cum
589 1973 722 2029 gloria
746 1979 833 2014 tum
859 1974 982 2014 etiam
1007 1973 1182 2022 licentia,
1215 1988 1297 2013 non
1322 1987 1465 2027 parere
1493 1988 1535 2012 se
1562 1972 1675 2012 duci-

316 2036 413 2086 bus,
453 2036 525 2077 sed
562 2035 765 2091 imperare
795 2036 1050 2090 postulabat,
1088 2042 1134 2076 111
1158 2049 1268 2075 1111110
1299 2034 1481 2075 veterani
1518 2034 1672 2075 faciunt

317 2099 459 2139 nostri.
498 2098 635 2152 itaque
655 2098 884 2153 periculum
905 2106 979 2147 est,
1007 2113 1057 2139 ne
1072 2098 1237 2146 saciant,
1266 2098 1376 2151 quod
1397 2097 1454 2137 illi
1475 2097 1672 2145 feceruut,

318 2176 393 2201 sua
418 2160 732 2215 intemperantia
751 2161 958 2213 nimiaque
983 2160 1148 2201 licentia
1168 2166 1212 2200 ut
1231 2160 1369 2200 onmia
1393 2159 1578 2213 perdant,
1605 2174 1674 2198 nc-

316 2237 397 2276 que
422 2223 558 2263 minus
579 2237 662 2272 eos,
690 2237 785 2263 011111
804 2222 954 2275 (111111115
982 2222 1179 2271 steterint,
1207 2236 1331 2275 quam
1352 2222 1550 2262 adversus
1571 2235 1674 2274 quos

318 2285 500 2326 fecerint.
545 2285 656 2338 quod
693 2284 727 2325 si
764 2285 855 2338 quis
887 2284 1049 2325 illorum
1081 2293 1368 2325 veteranorum
1404 2283 1517 2338 legat
1553 2282 1673 2331 facta,

316 2347 432 2402 paria
457 2347 601 2387 horum
628 2356 853 2402 cognoscat
878 2362 1011 2399 neque
1043 2361 1129 2386 rem
1166 2346 1293 2386 ullam
1319 2345 1399 2386 nisi
1427 2351 1587 2399 tempus
1614 2344 1674 2384 in-

317 2416 472 2450 teresse
498 2409 662 2450 iudicet.
702 2409 774 2449 sed
800 2409 851 2450 ad
878 2409 968 2449 11105
989 2410 1181 2449 rerertar.
1220 2408 1393 2449 hiberna
1413 2415 1673 2461 sumpserant

317 2487 399 2511 non
430 2471 483 2512 ad
509 2487 628 2512 usum
660 2471 775 2520 belli,
810 2472 881 2511 sed
907 2472 960 2512 ad
990 2471 1174 2526 ipsorum
1206 2470 1430 2518 luxuriam,
1469 2469 1674 2524 longeque

316 2534 420 2574 inter
446 2548 490 2575 se
515 2534 803 2574 discesserant.
843 2534 920 2573 hoc
934 2533 1173 2588 Antigonus
1201 2547 1294 2572 011111
1321 2531 1589 2585 comperisset
1614 2530 1673 2570 111-

317 2597 600 2650 telligerctque
622 2611 666 2637 se
690 2610 832 2650 parem
853 2611 934 2636 non
955 2610 1045 2636 0550
1072 2596 1224 2649 paratis
1246 2594 1505 2643 adversariis,
1533 2592 1671 2634 statuit

316 2659 471 2711 aliquid
497 2659 573 2699 sibi
600 2658 758 2699 consilii
785 2658 880 2699 novi
901 2674 992 2698 esse
1012 2658 1271 2711 capiendum.
1311 2657 1415 2696 duae
1435 2660 1546 2696 erant
1570 2654 1671 2701 viae,

317 2734 398 2773 qua
423 2736 473 2760 ex
493 2720 644 2770 Medis,
671 2720 743 2762 ubi
768 2721 833 2760 ille
858 2719 1078 2768 hiemabat,
1107 2719 1159 2759 ad
1185 2718 1511 2759 adversariorum
1540 2714 1683 2755 hiber--
