1741 3184
667 162 941 228 HANNIBAL.
1431 184 1481 224 77

129 279 254 318 quare
286 266 320 306 si
351 265 450 318 quid
479 264 610 305 amice
641 265 692 305 de
723 266 922 307 Romanis
953 266 1173 321 cogitabis,
1211 281 1293 308 non
1327 267 1482 321 impru-

128 327 272 368 denter
294 327 454 375 feceris,
482 325 517 366 si
542 340 608 366 me
634 325 778 366 celaris
787 342 798 375 3
824 341 919 367 cum
938 328 1104 380 quidem
1129 328 1281 368 bellum
1300 328 1478 383 parabis,

128 394 167 428 te
185 388 322 442 ipsum
341 386 621 436 frustraberis,
648 386 683 427 si
696 401 780 427 non
798 401 863 427 me
882 387 924 427 in
944 402 991 428 eo
1011 389 1235 442 principem
1250 390 1478 443 posueris.“

194 449 275 490 ΙΙΙ.
312 448 407 489 Η30
431 447 566 503 igitur,
594 462 676 501 qua
700 447 893 497 diximus,
920 454 1052 488 aetate
1078 463 1171 488 cum
1195 456 1310 503 patre
1334 450 1377 490 in
1401 450 1480 490 Hi-

129 510 313 563 spaniam
337 509 547 564 profectus
574 515 647 558 est,
675 509 790 550 cuius
814 515 910 563 post
933 508 1089 549 obitum
1115 509 1380 551 Hasdrubale
1404 512 1480 552 im-

126 577 312 624 peratore
338 570 511 611 suffecto
537 570 734 623 equitatui
759 571 868 611 omni
900 570 1090 624 praefuit.
1127 571 1205 611 hoc
1230 585 1394 624 quoque
1419 572 1479 612 in-

127 631 297 673 terfecto
333 632 536 673 exercitus
574 647 776 673 summam
813 631 973 686 imperii
1009 632 1061 672 ad
1097 646 1190 672 eum
1228 633 1383 673 detulit.
1437 633 1479 672 id

128 692 424 749 Carthaginem
449 693 631 734 delatum
654 693 818 748 public-e
844 693 1154 748 comprobatum
1181 700 1254 734 est.
1288 694 1346 735 sic
1360 693 1478 734 Han-

126 754 262 804 nibal,
299 755 433 795 minor
468 755 649 808 quinque
685 761 725 795 et
760 755 906 810 viginti
947 755 1064 796 annis
1100 761 1221 796 natus
1258 755 1479 810 imperator

126 816 279 865 factus,
316 816 504 870 proximo
541 816 712 857 triennio
749 831 891 857 omnes
928 822 1071 871 gentes
1102 816 1333 870 Hispaniae
1369 816 1476 857 bello

127 876 309 932 subegit3
337 876 588 933 Saguntum,
615 877 867 918 foederatam
893 878 1111 926 civitatem,
1138 878 1178 917 vi
1204 878 1474 933 expugnavit3

125 945 206 979 tres
233 938 434 980 exercitus
461 939 662 979 maximos
682 939 948 992 comparavit.
987 953 1038 979 ex
1063 939 1126 979 his
1152 954 1280 979 unum
1304 939 1346 978 in
1360 938 1476 978 Afri-

125 1014 216 1040 cam
252 1000 381 1048 misit,
420 1000 593 1040 alterum
629 1014 722 1040 cum
747 999 1012 1040 Hasdrubale
1048 1000 1172 1040 fratre
1202 1000 1244 1039 in
1269 999 1477 1053 Hispania

122 1061 304 1114 reliquit,
340 1061 504 1100 tertium
539 1062 582 1101 in
611 1061 775 1101 Italiam
812 1075 953 1101 secum
989 1061 1117 1101 duxit.
1168 1061 1315 1101 saltum
1346 1060 1476 1114 Pyre-

122 1136 271 1162 naeum
291 1122 461 1162 transiit.
499 1136 757 1175 quacumque
776 1122 852 1162 iter
870 1121 979 1170 fecit,
1007 1136 1101 1162 cum
1120 1121 1310 1163 omnibus
1330 1122 1473 1162 incolis

122 1183 321 1232 conflixit3
353 1183 559 1223 neminem
589 1183 669 1224 nisi
693 1183 846 1223 victum
873 1183 1039 1223 dimisit.
1071 1181 1123 1221 ad
1147 1182 1280 1237 Alpes
1311 1189 1475 1237 postea-

121 1258 246 1297 quam
270 1244 393 1294 venit,
420 1259 525 1298 quae
544 1245 707 1285 Italiam
733 1244 784 1286 ab
804 1243 941 1286 Gallia
966 1245 1197 1299 seiungunt,
1225 1259 1327 1298 quas
1353 1259 1473 1285 nemo

120 1321 317 1360 umquam
337 1322 430 1347 cum
450 1307 630 1348 exercitu
650 1313 743 1348 ante
764 1322 858 1348 eum
882 1315 1042 1361 praeter
1060 1307 1284 1347 Herculem
1300 1306 1472 1348 Graium

120 1368 336 1408 transierat
366 1367 466 1421 (quo
503 1368 612 1409 facto
643 1369 677 1409 is
714 1368 836 1409 hodie
868 1369 996 1409 saltus
1029 1366 1180 1409 Graius
1212 1368 1470 1423 appellatur),

118 1428 292 1483 Alpicos
318 1435 511 1470 conantes
542 1429 758 1483 prohibere
783 1430 956 1470 transitu
981 1429 1170 1478 concidit,
1201 1429 1292 1470 loca
1315 1428 1472 1483 patefe-

119 1489 195 1539 cit,
232 1490 378 1531 itinera
408 1490 572 1540 muniit,
611 1491 748 1531 effecit
784 1498 829 1531 ut
865 1505 914 1531 ea
943 1490 1183 1545 elephantus
1215 1497 1381 1531 ornatus
1413 1490 1470 1530 ire

117 1558 276 1605 posset,
309 1566 391 1605 qua
415 1558 536 1593 antea
560 1567 666 1593 unus
691 1552 816 1593 homo
846 1552 1012 1593 inermis
1038 1552 1108 1593 vix
1130 1558 1291 1607 poterat
1313 1566 1468 1606 repere.

116 1613 194 1653 hac
220 1613 359 1667 copias
386 1614 567 1654 traduxit
590 1614 632 1654 in
656 1614 903 1667 Italiamque
926 1614 1124 1669 pervenit.

183 1674 260 1715 IV.
300 1674 553 1715 Conflixerat
578 1676 689 1729 apud
712 1676 962 1716 Rhodanum
987 1690 1082 1716 cum
1106 1675 1154 1716 P.
1172 1674 1363 1716 Cornelio
1379 1673 1470 1716 Sci-

115 1735 236 1789 pione
256 1736 424 1776 consule
444 1750 620 1789 eumque
637 1737 863 1791 pepulerat.
902 1751 994 1777 cum
1019 1737 1098 1777 hoc
1116 1737 1260 1777 eodem
1280 1735 1470 1777 Clastidii

115 1797 226 1850 apud
237 1796 401 1837 Padum
420 1797 601 1838 decernit
621 1798 887 1851 sauciumque
906 1798 1001 1838 inde
1021 1811 1068 1838 30
1086 1797 1276 1852 fugatum
1290 1797 1467 1837 dimittit.

115 1857 231 1898 tertio
256 1858 367 1898 idem
393 1856 534 1912 Scipio
559 1873 653 1899 cum
686 1859 845 1913 collega
870 1858 1037 1900 Tiberio
1061 1859 1212 1913 Longo
1238 1858 1348 1912 apud
1367 1858 1468 1898 Tre-

114 1918 224 1960 biam
260 1919 460 1960 adversus
503 1934 597 1960 eum
633 1920 758 1961 venit.
808 1935 902 1960 cum
943 1920 1007 1961 his
1044 1935 1212 1960 manum
1247 1919 1465 1967 conseruit,

113 1985 308 2033 utrosque
325 1981 571 2035 profligavit.
609 1981 704 2022 inde
723 1996 797 2036 per
808 1981 990 2036 Ligures
1005 1980 1273 2035 Apenninum
1294 1980 1464 2028 transiit,

112 2047 256 2095 petens
280 2041 503 2083 Etruriam.
552 2042 631 2083 hoc
660 2042 803 2083 itinere
834 2043 937 2083 adeo
967 2042 1084 2097 gravi
1114 2041 1257 2082 morbo
1289 2041 1466 2081 afficitur

113 2101 336 2152 oculorum,
362 2109 407 2143 ut
425 2109 572 2157 postea
590 2118 817 2157 numquam
836 2104 980 2145 dextro
999 2118 1129 2157 aeque
1154 2103 1258 2144 bene
1278 2117 1378 2143 usus
1400 2102 1463 2142 sit.

112 2177 193 2215 qua
217 2163 452 2205 valetudine
477 2179 572 2205 cum
597 2165 832 2206 etiamnunc
856 2172 1110 2220 premeretur
1133 2164 1359 2217 lecticaque
1384 2163 1465 2203 fer-

111 2230 239 2272 retur,
278 2224 327 2265 C.
358 2225 608 2266 Flaminium
645 2227 856 2267 consulem
898 2227 1009 2281 apud
1044 2225 1334 2266 Trasimenum
1370 2239 1463 2264 cum

112 2284 295 2324 exercitu
324 2285 483 2326 insidiis
515 2287 839 2328 circumventum
864 2288 1030 2336 occidit,
1058 2301 1192 2340 neque
1217 2285 1346 2325 multo
1370 2291 1464 2338 post

113 2344 162 2385 C.
191 2344 439 2387 Centenium
469 2354 699 2401 praetorem
724 2363 819 2389 cum
849 2349 1007 2389 delecta
1036 2364 1163 2389 manu
1188 2347 1315 2388 saltus
1342 2360 1463 2387 occu-

110 2412 287 2460 pantem.
325 2406 420 2448 hinc
443 2407 486 2447 in
499 2407 696 2462 Apuliam
714 2409 912 2462 pervenit.
949 2409 1006 2450 ibi
1025 2409 1189 2450 obviam
1208 2408 1245 2448 ei
1263 2412 1462 2448 venerunt

111 2468 192 2508 duo
229 2468 438 2517 consules,
477 2468 526 2509 C.
559 2469 778 2510 Terentius
815 2475 854 2509 et
889 2470 943 2510 L.
975 2468 1194 2510 Aemilius.
1248 2468 1460 2520 utriusque

110 2530 313 2570 exercitus
350 2545 432 2571 uno
468 2531 623 2584 proelio
653 2531 831 2586 fugavit,
863 2531 1041 2571 Paulum
1073 2530 1284 2571 consulem
1314 2529 1461 2570 occidit

110 2596 149 2630 et
168 2590 322 2644 aliquot
345 2597 557 2646 praeterea
576 2593 826 2641 consulares,
847 2593 889 2632 in
908 2592 971 2632 his
988 2591 1209 2634 Servilium
1224 2589 1459 2638 Geminum,

109 2652 178 2705 qui
205 2653 413 2708 superiore
440 2668 546 2695 anno
572 2654 705 2695 fuerat
730 2654 886 2695 consul.

1508 280 1526 309 6

1507 464 1520 491 1

1504 710 1522 735 2

1501 953 1519 981 3

1499 1197 1517 1224 4

1492 1869 1510 1897 10
