<?xml version="1.0" encoding="UTF-8"?>
<!DOCTYPE html PUBLIC "-//W3C//DTD XHTML 1.0 Transitional//EN"
    "http://www.w3.org/TR/xhtml1/DTD/xhtml1-transitional.dtd">
<html xmlns="http://www.w3.org/1999/xhtml" xml:lang="en" lang="en">
 <head>
  <title>
</title>
<meta http-equiv="Content-Type" content="text/html;charset=utf-8" />
  <meta name='ocr-system' content='tesseract 3.04.00' />
  <meta name='ocr-capabilities' content='ocr_page ocr_carea ocr_par ocr_line ocrx_word'/>
</head>
<body>
  <div class='ocr_page' id='page_1' title='image "./vitaeetfragmenta00nepouoft_0100.png"; bbox 0 0 1788 3200; ppageno 0'>
   <div class='ocr_carea' id='block_1_1' title="bbox 254 280 267 308">
    <p class='ocr_par' dir='ltr' id='par_1_1' title="bbox 254 280 267 308">
     <span class='ocr_line' id='line_1_1' title="bbox 254 280 267 308; baseline 0 0"><span class='ocrx_word' id='word_1_1' title='bbox 254 280 267 308; x_wconf 89' lang='lat'>1</span> 
     </span>
    </p>
   </div>
   <div class='ocr_carea' id='block_1_2' title="bbox 251 521 269 550">
    <p class='ocr_par' dir='ltr' id='par_1_2' title="bbox 251 521 269 550">
     <span class='ocr_line' id='line_1_2' title="bbox 251 521 269 550; textangle 90"><span class='ocrx_word' id='word_1_2' title='bbox 251 521 269 550; x_wconf 70' lang='lat' dir='ltr'>N&gt;</span> 
     </span>
    </p>
   </div>
   <div class='ocr_carea' id='block_1_3' title="bbox 256 1747 274 1775">
    <p class='ocr_par' dir='ltr' id='par_1_3' title="bbox 256 1747 274 1775">
     <span class='ocr_line' id='line_1_3' title="bbox 256 1747 274 1775; textangle 90"><span class='ocrx_word' id='word_1_3' title='bbox 256 1747 274 1775; x_wconf 65' lang='grc' dir='ltr'>ΚΟ</span> 
     </span>
    </p>
   </div>
   <div class='ocr_carea' id='block_1_4' title="bbox 260 2666 278 2694">
    <p class='ocr_par' dir='ltr' id='par_1_4' title="bbox 260 2666 278 2694">
     <span class='ocr_line' id='line_1_4' title="bbox 260 2666 278 2694; baseline 0 0"><span class='ocrx_word' id='word_1_4' title='bbox 260 2666 278 2694; x_wconf 78' lang='grc'>2</span> 
     </span>
    </p>
   </div>
   <div class='ocr_carea' id='block_1_5' title="bbox 297 158 1212 222">
    <p class='ocr_par' dir='ltr' id='par_1_5' title="bbox 297 158 1212 222">
     <span class='ocr_line' id='line_1_5' title="bbox 297 158 1212 222; baseline 0.001 -6"><span class='ocrx_word' id='word_1_5' title='bbox 297 182 349 222; x_wconf 82' lang='lat'>78</span> <span class='ocrx_word' id='word_1_6' title='bbox 736 181 977 216; x_wconf 80' lang='lat' dir='ltr'>CORNELII</span> <span class='ocrx_word' id='word_1_7' title='bbox 1002 158 1212 218; x_wconf 73' lang='lat' dir='ltr'>NE&#39;PoTIS</span> 
     </span>
    </p>
   </div>
   <div class='ocr_carea' id='block_1_6' title="bbox 294 256 1660 2709">
    <p class='ocr_par' dir='ltr' id='par_1_6' title="bbox 294 256 1656 1543">
     <span class='ocr_line' id='line_1_6' title="bbox 362 256 1648 313; baseline -0.003 -11"><span class='ocrx_word' id='word_1_8' title='bbox 362 262 414 303; x_wconf 91' lang='lat' dir='ltr'>V.</span> <span class='ocrx_word' id='word_1_9' title='bbox 453 260 548 301; x_wconf 85' lang='lat' dir='ltr'>Hac</span> <span class='ocrx_word' id='word_1_10' title='bbox 578 273 719 313; x_wconf 87' lang='lat' dir='ltr'>pugna</span> <span class='ocrx_word' id='word_1_11' title='bbox 749 263 934 312; x_wconf 87' lang='lat' dir='ltr'>pugnata</span> <span class='ocrx_word' id='word_1_12' title='bbox 963 257 1140 298; x_wconf 87' lang='lat' dir='ltr'>Romam</span> <span class='ocrx_word' id='word_1_13' title='bbox 1176 256 1386 312; x_wconf 87' lang='lat' dir='ltr'>profectus</span> <span class='ocrx_word' id='word_1_14' title='bbox 1419 264 1499 306; x_wconf 89' lang='lat' dir='ltr'>est,</span> <span class='ocrx_word' id='word_1_15' title='bbox 1536 258 1648 298; x_wconf 91' lang='lat' dir='ltr'>nullo</span> 
     </span>
     <span class='ocr_line' id='line_1_7' title="bbox 294 319 1649 374; baseline -0.004 -9"><span class='ocrx_word' id='word_1_16' title='bbox 294 325 522 365; x_wconf 81' lang='lat' dir='ltr'><strong>resistente.</strong></span> <span class='ocrx_word' id='word_1_17' title='bbox 554 321 596 361; x_wconf 90' lang='lat' dir='ltr'>in</span> <span class='ocrx_word' id='word_1_18' title='bbox 616 319 856 374; x_wconf 81' lang='lat' dir='ltr'>propinquis</span> <span class='ocrx_word' id='word_1_19' title='bbox 882 319 995 360; x_wconf 90' lang='lat' dir='ltr'>urbis</span> <span class='ocrx_word' id='word_1_20' title='bbox 1014 319 1222 361; x_wconf 91' lang='lat' dir='ltr'>montibus</span> <span class='ocrx_word' id='word_1_21' title='bbox 1243 325 1426 360; x_wconf 89' lang='lat' dir='ltr'>moratus</span> <span class='ocrx_word' id='word_1_22' title='bbox 1446 326 1521 360; x_wconf 87' lang='lat' dir='ltr'>est.</span> <span class='ocrx_word' id='word_1_23' title='bbox 1554 334 1649 360; x_wconf 89' lang='lat' dir='ltr'>cum</span> 
     </span>
     <span class='ocr_line' id='line_1_8' title="bbox 295 380 1647 437; baseline -0.003 -12"><span class='ocrx_word' id='word_1_24' title='bbox 295 386 450 437; x_wconf 83' lang='lat' dir='ltr'>aliquot</span> <span class='ocrx_word' id='word_1_25' title='bbox 478 382 536 424; x_wconf 90' lang='lat' dir='ltr'>ibi</span> <span class='ocrx_word' id='word_1_26' title='bbox 561 382 648 423; x_wconf 91' lang='lat' dir='ltr'>dies</span> <span class='ocrx_word' id='word_1_27' title='bbox 674 388 809 422; x_wconf 88' lang='lat' dir='ltr'>castra</span> <span class='ocrx_word' id='word_1_28' title='bbox 839 380 1053 422; x_wconf 82' lang='lat' dir='ltr'>habuisset</span> <span class='ocrx_word' id='word_1_29' title='bbox 1078 387 1118 422; x_wconf 91' lang='lat' dir='ltr'>et</span> <span class='ocrx_word' id='word_1_30' title='bbox 1146 386 1419 422; x_wconf 81' lang='lat' dir='ltr'>reverteretur</span> <span class='ocrx_word' id='word_1_31' title='bbox 1445 380 1647 435; x_wconf 84' lang='lat' dir='ltr'>Capuam,</span> 
     </span>
     <span class='ocr_line' id='line_1_9' title="bbox 296 442 1649 499; baseline -0.003 -12"><span class='ocrx_word' id='word_1_32' title='bbox 296 446 349 499; x_wconf 83' lang='lat' dir='ltr'>Q.</span> <span class='ocrx_word' id='word_1_33' title='bbox 375 444 531 486; x_wconf 85' lang='lat' dir='ltr'>Fabius</span> <span class='ocrx_word' id='word_1_34' title='bbox 555 443 787 492; x_wconf 84' lang='lat' dir='ltr'><strong>Maximus,</strong></span> <span class='ocrx_word' id='word_1_35' title='bbox 820 443 994 484; x_wconf 87' lang='lat' dir='ltr'>dictator</span> <span class='ocrx_word' id='word_1_36' title='bbox 1017 443 1251 492; x_wconf 86' lang='lat' dir='ltr'>Romanus,</span> <span class='ocrx_word' id='word_1_37' title='bbox 1282 443 1324 483; x_wconf 92' lang='lat' dir='ltr'>in</span> <span class='ocrx_word' id='word_1_38' title='bbox 1349 457 1449 498; x_wconf 89' lang='lat' dir='ltr'>agro</span> <span class='ocrx_word' id='word_1_39' title='bbox 1473 442 1649 483; x_wconf 85' lang='lat' dir='ltr'>Falerno</span> 
     </span>
     <span class='ocr_line' id='line_1_10' title="bbox 296 503 1649 559; baseline -0.003 -10"><span class='ocrx_word' id='word_1_40' title='bbox 296 508 334 549; x_wconf 87' lang='lat' dir='ltr'>ei</span> <span class='ocrx_word' id='word_1_41' title='bbox 364 522 408 549; x_wconf 90' lang='lat' dir='ltr'>se</span> <span class='ocrx_word' id='word_1_42' title='bbox 439 506 601 548; x_wconf 90' lang='lat' dir='ltr'>obiecit.</span> <span class='ocrx_word' id='word_1_43' title='bbox 644 505 711 546; x_wconf 90' lang='lat' dir='ltr'>hic</span> <span class='ocrx_word' id='word_1_44' title='bbox 741 505 907 546; x_wconf 88' lang='lat' dir='ltr'>clausus</span> <span class='ocrx_word' id='word_1_45' title='bbox 937 504 1122 546; x_wconf 91' lang='lat' dir='ltr'>locorum</span> <span class='ocrx_word' id='word_1_46' title='bbox 1158 504 1361 559; x_wconf 89' lang='lat' dir='ltr'>angustiis</span> <span class='ocrx_word' id='word_1_47' title='bbox 1398 510 1523 545; x_wconf 90' lang='lat' dir='ltr'>noctu</span> <span class='ocrx_word' id='word_1_48' title='bbox 1561 503 1649 545; x_wconf 88' lang='lat' dir='ltr'>sine</span> 
     </span>
     <span class='ocr_line' id='line_1_11' title="bbox 294 565 1648 620; baseline -0.003 -10"><span class='ocrx_word' id='word_1_49' title='bbox 294 569 378 610; x_wconf 92' lang='lat' dir='ltr'>ullo</span> <span class='ocrx_word' id='word_1_50' title='bbox 403 568 647 609; x_wconf 89' lang='lat' dir='ltr'>detrimento</span> <span class='ocrx_word' id='word_1_51' title='bbox 666 566 869 608; x_wconf 86' lang='lat' dir='ltr'>exercitus</span> <span class='ocrx_word' id='word_1_52' title='bbox 892 580 936 607; x_wconf 90' lang='lat' dir='ltr'>se</span> <span class='ocrx_word' id='word_1_53' title='bbox 960 566 1187 620; x_wconf 83' lang='lat' dir='ltr'>expedivit3</span> <span class='ocrx_word' id='word_1_54' title='bbox 1212 565 1357 614; x_wconf 84' lang='lat' dir='ltr'>Fabio,</span> <span class='ocrx_word' id='word_1_55' title='bbox 1383 565 1648 607; x_wconf 87' lang='lat' dir='ltr'>callidissimo</span> 
     </span>
     <span class='ocr_line' id='line_1_12' title="bbox 294 626 1650 684; baseline -0.003 -13"><span class='ocrx_word' id='word_1_56' title='bbox 294 629 542 684; x_wconf 88' lang='lat' dir='ltr'>imperatori,</span> <span class='ocrx_word' id='word_1_57' title='bbox 568 628 695 669; x_wconf 85' lang='lat' dir='ltr'>verba</span> <span class='ocrx_word' id='word_1_58' title='bbox 719 628 844 668; x_wconf 87' lang='lat' dir='ltr'>dedit.</span> <span class='ocrx_word' id='word_1_59' title='bbox 885 641 1065 680; x_wconf 89' lang='lat' dir='ltr'>namque</span> <span class='ocrx_word' id='word_1_60' title='bbox 1090 626 1269 667; x_wconf 83' lang='lat' dir='ltr'>obducta</span> <span class='ocrx_word' id='word_1_61' title='bbox 1299 634 1418 668; x_wconf 89' lang='lat' dir='ltr'>nocte</span> <span class='ocrx_word' id='word_1_62' title='bbox 1444 634 1650 668; x_wconf 85' lang='lat' dir='ltr'>sarmenta</span> 
     </span>
     <span class='ocr_line' id='line_1_13' title="bbox 294 688 1648 743; baseline -0.002 -11"><span class='ocrx_word' id='word_1_63' title='bbox 294 692 337 732; x_wconf 92' lang='lat' dir='ltr'>in</span> <span class='ocrx_word' id='word_1_64' title='bbox 362 690 554 731; x_wconf 89' lang='lat' dir='ltr'>cornibus</span> <span class='ocrx_word' id='word_1_65' title='bbox 580 690 847 730; x_wconf 89' lang='lat' dir='ltr'>iuvencorum</span> <span class='ocrx_word' id='word_1_66' title='bbox 873 688 1053 742; x_wconf 88' lang='lat' dir='ltr'>deligata</span> <span class='ocrx_word' id='word_1_67' title='bbox 1076 688 1258 728; x_wconf 78' lang='lat' dir='ltr'>incendit</span> <span class='ocrx_word' id='word_1_68' title='bbox 1282 688 1453 741; x_wconf 89' lang='lat' dir='ltr'>eiusque</span> <span class='ocrx_word' id='word_1_69' title='bbox 1485 688 1648 743; x_wconf 88' lang='lat' dir='ltr'>generis</span> 
     </span>
     <span class='ocr_line' id='line_1_14' title="bbox 296 748 1650 804; baseline -0.002 -12"><span class='ocrx_word' id='word_1_70' title='bbox 296 752 603 792; x_wconf 85' lang='lat' dir='ltr'>multitudinem</span> <span class='ocrx_word' id='word_1_71' title='bbox 627 764 823 804; x_wconf 89' lang='lat' dir='ltr'>magnam</span> <span class='ocrx_word' id='word_1_72' title='bbox 842 749 1089 803; x_wconf 82' lang='lat' dir='ltr'>dispalatam</span> <span class='ocrx_word' id='word_1_73' title='bbox 1113 748 1295 789; x_wconf 85' lang='lat' dir='ltr'>immisit.</span> <span class='ocrx_word' id='word_1_74' title='bbox 1333 763 1414 801; x_wconf 91' lang='lat' dir='ltr'>quo</span> <span class='ocrx_word' id='word_1_75' title='bbox 1437 750 1650 803; x_wconf 89' lang='lat' dir='ltr'>repentino</span> 
     </span>
     <span class='ocr_line' id='line_1_15' title="bbox 296 810 1648 858; baseline -0.004 -4"><span class='ocrx_word' id='word_1_76' title='bbox 296 813 456 854; x_wconf 89' lang='lat' dir='ltr'>obiecto</span> <span class='ocrx_word' id='word_1_77' title='bbox 476 813 566 853; x_wconf 86' lang='lat' dir='ltr'>viso</span> <span class='ocrx_word' id='word_1_78' title='bbox 587 818 744 852; x_wconf 88' lang='lat' dir='ltr'>tantum</span> <span class='ocrx_word' id='word_1_79' title='bbox 771 818 966 851; x_wconf 86' lang='lat' dir='ltr'>terrorem</span> <span class='ocrx_word' id='word_1_80' title='bbox 985 810 1124 850; x_wconf 83' lang='lat' dir='ltr'>iniecit</span> <span class='ocrx_word' id='word_1_81' title='bbox 1143 810 1340 850; x_wconf 85' lang='lat' dir='ltr'>exercitui</span> <span class='ocrx_word' id='word_1_82' title='bbox 1353 810 1648 858; x_wconf 83' lang='lat' dir='ltr'>Romanorum,</span> 
     </span>
     <span class='ocr_line' id='line_1_16' title="bbox 295 871 1651 929; baseline -0.004 -13"><span class='ocrx_word' id='word_1_83' title='bbox 295 881 341 915; x_wconf 93' lang='lat' dir='ltr'>ut</span> <span class='ocrx_word' id='word_1_84' title='bbox 370 874 512 929; x_wconf 83' lang='lat' dir='ltr'>egredi</span> <span class='ocrx_word' id='word_1_85' title='bbox 550 880 665 914; x_wconf 86' lang='lat' dir='ltr'>extra</span> <span class='ocrx_word' id='word_1_86' title='bbox 694 872 849 912; x_wconf 66' lang='lat' dir='ltr'>vallum</span> <span class='ocrx_word' id='word_1_87' title='bbox 885 886 1007 912; x_wconf 83' lang='lat' dir='ltr'>nemo</span> <span class='ocrx_word' id='word_1_88' title='bbox 1040 873 1091 911; x_wconf 89' lang='lat' dir='ltr'>sit</span> <span class='ocrx_word' id='word_1_89' title='bbox 1122 887 1261 912; x_wconf 86' lang='lat' dir='ltr'>ausus.</span> <span class='ocrx_word' id='word_1_90' title='bbox 1305 871 1412 912; x_wconf 89' lang='lat' dir='ltr'>hanc</span> <span class='ocrx_word' id='word_1_91' title='bbox 1440 880 1535 926; x_wconf 89' lang='lat' dir='ltr'>post</span> <span class='ocrx_word' id='word_1_92' title='bbox 1564 885 1651 911; x_wconf 89' lang='lat' dir='ltr'>rem</span> 
     </span>
     <span class='ocr_line' id='line_1_17' title="bbox 296 933 1652 992; baseline -0.004 -15"><span class='ocrx_word' id='word_1_93' title='bbox 296 942 456 992; x_wconf 80' lang='lat' dir='ltr'>gestam</span> <span class='ocrx_word' id='word_1_94' title='bbox 481 950 564 977; x_wconf 90' lang='lat' dir='ltr'>non</span> <span class='ocrx_word' id='word_1_95' title='bbox 587 935 645 975; x_wconf 85' lang='lat' dir='ltr'>ita</span> <span class='ocrx_word' id='word_1_96' title='bbox 668 934 807 974; x_wconf 89' lang='lat' dir='ltr'>multis</span> <span class='ocrx_word' id='word_1_97' title='bbox 834 933 978 975; x_wconf 88' lang='lat' dir='ltr'>diebus</span> <span class='ocrx_word' id='word_1_98' title='bbox 999 933 1060 974; x_wconf 90' lang='lat' dir='ltr'>M.</span> <span class='ocrx_word' id='word_1_99' title='bbox 1077 934 1311 974; x_wconf 88' lang='lat' dir='ltr'>Minucium</span> <span class='ocrx_word' id='word_1_100' title='bbox 1325 933 1495 982; x_wconf 84' lang='lat' dir='ltr'>Rufum,</span> <span class='ocrx_word' id='word_1_101' title='bbox 1522 933 1652 987; x_wconf 85' lang='lat' dir='ltr'>magi-</span> 
     </span>
     <span class='ocr_line' id='line_1_18' title="bbox 299 995 1653 1050; baseline -0.004 -11"><span class='ocrx_word' id='word_1_102' title='bbox 299 1004 426 1039; x_wconf 90' lang='lat' dir='ltr'>strum</span> <span class='ocrx_word' id='word_1_103' title='bbox 460 997 662 1050; x_wconf 89' lang='lat' dir='ltr'>equitum,</span> <span class='ocrx_word' id='word_1_104' title='bbox 694 996 783 1050; x_wconf 88' lang='lat' dir='ltr'>pari</span> <span class='ocrx_word' id='word_1_105' title='bbox 813 1010 861 1036; x_wconf 92' lang='lat' dir='ltr'>ac</span> <span class='ocrx_word' id='word_1_106' title='bbox 886 996 1128 1036; x_wconf 85' lang='lat' dir='ltr'>dictatorcm</span> <span class='ocrx_word' id='word_1_107' title='bbox 1152 996 1342 1049; x_wconf 88' lang='lat' dir='ltr'>imperio,</span> <span class='ocrx_word' id='word_1_108' title='bbox 1376 995 1470 1036; x_wconf 92' lang='lat' dir='ltr'>dolo</span> <span class='ocrx_word' id='word_1_109' title='bbox 1501 995 1653 1049; x_wconf 85' lang='lat' dir='ltr'>produ-</span> 
     </span>
     <span class='ocr_line' id='line_1_19' title="bbox 299 1054 1654 1112; baseline -0.003 -12"><span class='ocrx_word' id='word_1_110' title='bbox 299 1065 411 1100; x_wconf 90' lang='lat' dir='ltr'>ctum</span> <span class='ocrx_word' id='word_1_111' title='bbox 441 1058 483 1099; x_wconf 88' lang='lat' dir='ltr'>in</span> <span class='ocrx_word' id='word_1_112' title='bbox 512 1057 713 1112; x_wconf 88' lang='lat' dir='ltr'>proelium</span> <span class='ocrx_word' id='word_1_113' title='bbox 744 1057 917 1111; x_wconf 87' lang='lat' dir='ltr'>fugavit.</span> <span class='ocrx_word' id='word_1_114' title='bbox 963 1057 1177 1098; x_wconf 86' lang='lat' dir='ltr'>Tiberium</span> <span class='ocrx_word' id='word_1_115' title='bbox 1204 1056 1496 1111; x_wconf 85' lang='lat' dir='ltr'>Sempronium</span> <span class='ocrx_word' id='word_1_116' title='bbox 1524 1054 1654 1097; x_wconf 87' lang='lat' dir='ltr'>Grac-</span> 
     </span>
     <span class='ocr_line' id='line_1_20' title="bbox 298 1118 1652 1170; baseline -0.002 -9"><span class='ocrx_word' id='word_1_117' title='bbox 298 1121 439 1170; x_wconf 90' lang='lat' dir='ltr'>chum,</span> <span class='ocrx_word' id='word_1_118' title='bbox 476 1120 624 1161; x_wconf 89' lang='lat' dir='ltr'>iterum</span> <span class='ocrx_word' id='word_1_119' title='bbox 661 1120 890 1168; x_wconf 91' lang='lat' dir='ltr'>consulem,</span> <span class='ocrx_word' id='word_1_120' title='bbox 928 1119 970 1160; x_wconf 91' lang='lat' dir='ltr'>in</span> <span class='ocrx_word' id='word_1_121' title='bbox 994 1119 1180 1159; x_wconf 88' lang='lat' dir='ltr'>Lucanis</span> <span class='ocrx_word' id='word_1_122' title='bbox 1217 1119 1367 1160; x_wconf 79' lang='lat' dir='ltr'>absens</span> <span class='ocrx_word' id='word_1_123' title='bbox 1404 1119 1444 1159; x_wconf 93' lang='lat' dir='ltr'>in</span> <span class='ocrx_word' id='word_1_124' title='bbox 1482 1118 1652 1159; x_wconf 86' lang='lat' dir='ltr'>insidias</span> 
     </span>
     <span class='ocr_line' id='line_1_21' title="bbox 298 1180 1653 1234; baseline -0.002 -11"><span class='ocrx_word' id='word_1_125' title='bbox 298 1183 512 1223; x_wconf 89' lang='lat' dir='ltr'>inductum</span> <span class='ocrx_word' id='word_1_126' title='bbox 549 1181 725 1222; x_wconf 89' lang='lat' dir='ltr'>sustulit.</span> <span class='ocrx_word' id='word_1_127' title='bbox 774 1180 836 1221; x_wconf 91' lang='lat' dir='ltr'>M.</span> <span class='ocrx_word' id='word_1_128' title='bbox 871 1180 1095 1222; x_wconf 85' lang='lat' dir='ltr'>Claudium</span> <span class='ocrx_word' id='word_1_129' title='bbox 1125 1180 1391 1229; x_wconf 88' lang='lat' dir='ltr'>Marcellum,</span> <span class='ocrx_word' id='word_1_130' title='bbox 1435 1180 1653 1234; x_wconf 87' lang='lat' dir='ltr'>quinquies</span> 
     </span>
     <span class='ocr_line' id='line_1_22' title="bbox 300 1241 1654 1297; baseline -0.002 -12"><span class='ocrx_word' id='word_1_131' title='bbox 300 1244 529 1293; x_wconf 86' lang='lat' dir='ltr'>consulem,</span> <span class='ocrx_word' id='word_1_132' title='bbox 562 1243 673 1297; x_wconf 91' lang='lat' dir='ltr'>apud</span> <span class='ocrx_word' id='word_1_133' title='bbox 696 1241 927 1283; x_wconf 86' lang='lat' dir='ltr'>Venusiam</span> <span class='ocrx_word' id='word_1_134' title='bbox 956 1243 1045 1297; x_wconf 87' lang='lat' dir='ltr'>pari</span> <span class='ocrx_word' id='word_1_135' title='bbox 1075 1243 1198 1283; x_wconf 91' lang='lat' dir='ltr'>modo</span> <span class='ocrx_word' id='word_1_136' title='bbox 1223 1242 1438 1283; x_wconf 82' lang='lat' dir='ltr'>interfecit.</span> <span class='ocrx_word' id='word_1_137' title='bbox 1482 1242 1654 1297; x_wconf 89' lang='lat' dir='ltr'>longum</span> 
     </span>
     <span class='ocr_line' id='line_1_23' title="bbox 300 1303 1653 1357; baseline -0.002 -11"><span class='ocrx_word' id='word_1_138' title='bbox 300 1312 363 1346; x_wconf 88' lang='lat' dir='ltr'>est</span> <span class='ocrx_word' id='word_1_139' title='bbox 387 1319 625 1346; x_wconf 89' lang='lat' dir='ltr'>enumerare</span> <span class='ocrx_word' id='word_1_140' title='bbox 649 1303 816 1357; x_wconf 91' lang='lat' dir='ltr'>proelia.</span> <span class='ocrx_word' id='word_1_141' title='bbox 853 1318 979 1357; x_wconf 87' lang='lat' dir='ltr'>quare</span> <span class='ocrx_word' id='word_1_142' title='bbox 1004 1304 1082 1344; x_wconf 89' lang='lat' dir='ltr'>hoc</span> <span class='ocrx_word' id='word_1_143' title='bbox 1108 1319 1236 1343; x_wconf 87' lang='lat' dir='ltr'>unum</span> <span class='ocrx_word' id='word_1_144' title='bbox 1262 1304 1360 1344; x_wconf 86' lang='lat' dir='ltr'>satis</span> <span class='ocrx_word' id='word_1_145' title='bbox 1387 1304 1462 1344; x_wconf 88' lang='lat' dir='ltr'>erit</span> <span class='ocrx_word' id='word_1_146' title='bbox 1485 1304 1653 1353; x_wconf 88' lang='lat' dir='ltr'>dictum,</span> 
     </span>
     <span class='ocr_line' id='line_1_24' title="bbox 300 1365 1655 1422; baseline 0 -16"><span class='ocrx_word' id='word_1_147' title='bbox 300 1380 351 1406; x_wconf 86' lang='lat' dir='ltr'>ex</span> <span class='ocrx_word' id='word_1_148' title='bbox 370 1380 452 1419; x_wconf 89' lang='lat' dir='ltr'>quo</span> <span class='ocrx_word' id='word_1_149' title='bbox 471 1365 645 1419; x_wconf 79' lang='lat' dir='ltr'>intelligi</span> <span class='ocrx_word' id='word_1_150' title='bbox 669 1365 812 1422; x_wconf 85' lang='lat' dir='ltr'>possit,</span> <span class='ocrx_word' id='word_1_151' title='bbox 839 1372 1017 1418; x_wconf 85' lang='lat' dir='ltr'>quantus</span> <span class='ocrx_word' id='word_1_152' title='bbox 1038 1365 1106 1405; x_wconf 92' lang='lat' dir='ltr'>ille</span> <span class='ocrx_word' id='word_1_153' title='bbox 1126 1365 1266 1405; x_wconf 83' lang='lat' dir='ltr'>fuerit:</span> <span class='ocrx_word' id='word_1_154' title='bbox 1293 1365 1492 1417; x_wconf 81' lang='lat' dir='ltr'>quamdiu</span> <span class='ocrx_word' id='word_1_155' title='bbox 1510 1365 1554 1405; x_wconf 91' lang='lat' dir='ltr'>in</span> <span class='ocrx_word' id='word_1_156' title='bbox 1571 1365 1655 1406; x_wconf 87' lang='lat' dir='ltr'>Ita-</span> 
     </span>
     <span class='ocr_line' id='line_1_25' title="bbox 298 1426 1656 1482; baseline 0 -15"><span class='ocrx_word' id='word_1_157' title='bbox 298 1426 354 1468; x_wconf 82' lang='lat' dir='ltr'>lia</span> <span class='ocrx_word' id='word_1_158' title='bbox 377 1427 467 1475; x_wconf 83' lang='lat' dir='ltr'>fuit,</span> <span class='ocrx_word' id='word_1_159' title='bbox 494 1440 615 1467; x_wconf 89' lang='lat' dir='ltr'>nemo</span> <span class='ocrx_word' id='word_1_160' title='bbox 641 1426 678 1467; x_wconf 89' lang='lat' dir='ltr'>ei</span> <span class='ocrx_word' id='word_1_161' title='bbox 702 1426 745 1466; x_wconf 91' lang='lat' dir='ltr'>in</span> <span class='ocrx_word' id='word_1_162' title='bbox 769 1427 856 1467; x_wconf 91' lang='lat' dir='ltr'>acie</span> <span class='ocrx_word' id='word_1_163' title='bbox 881 1426 1045 1475; x_wconf 85' lang='lat' dir='ltr'>restitit,</span> <span class='ocrx_word' id='word_1_164' title='bbox 1072 1441 1194 1467; x_wconf 88' lang='lat' dir='ltr'>nemo</span> <span class='ocrx_word' id='word_1_165' title='bbox 1218 1427 1417 1468; x_wconf 89' lang='lat' dir='ltr'>adversus</span> <span class='ocrx_word' id='word_1_166' title='bbox 1444 1442 1538 1467; x_wconf 84' lang='lat' dir='ltr'>eum</span> <span class='ocrx_word' id='word_1_167' title='bbox 1562 1434 1656 1482; x_wconf 92' lang='lat' dir='ltr'>post</span> 
     </span>
     <span class='ocr_line' id='line_1_26' title="bbox 301 1488 1344 1543; baseline 0 -14"><span class='ocrx_word' id='word_1_168' title='bbox 301 1488 565 1530; x_wconf 87' lang='lat' dir='ltr'>Cannensem</span> <span class='ocrx_word' id='word_1_169' title='bbox 589 1503 773 1543; x_wconf 85' lang='lat' dir='ltr'>pugnam</span> <span class='ocrx_word' id='word_1_170' title='bbox 796 1488 840 1528; x_wconf 94' lang='lat' dir='ltr'>in</span> <span class='ocrx_word' id='word_1_171' title='bbox 864 1503 1010 1543; x_wconf 87' lang='lat' dir='ltr'>eampo</span> <span class='ocrx_word' id='word_1_172' title='bbox 1036 1495 1170 1529; x_wconf 88' lang='lat' dir='ltr'>castra</span> <span class='ocrx_word' id='word_1_173' title='bbox 1193 1489 1344 1542; x_wconf 87' lang='lat' dir='ltr'>posuit.</span> 
     </span>
    </p>

    <p class='ocr_par' dir='ltr' id='par_1_7' title="bbox 299 1549 1660 2387">
     <span class='ocr_line' id='line_1_27' title="bbox 366 1549 1656 1604; baseline -0.001 -13"><span class='ocrx_word' id='word_1_174' title='bbox 366 1549 442 1591; x_wconf 92' lang='lat' dir='ltr'>VI.</span> <span class='ocrx_word' id='word_1_175' title='bbox 480 1549 593 1590; x_wconf 89' lang='lat' dir='ltr'>Hinc</span> <span class='ocrx_word' id='word_1_176' title='bbox 615 1549 793 1590; x_wconf 88' lang='lat' dir='ltr'>invictus</span> <span class='ocrx_word' id='word_1_177' title='bbox 818 1550 992 1604; x_wconf 88' lang='lat' dir='ltr'>patriam</span> <span class='ocrx_word' id='word_1_178' title='bbox 1018 1550 1237 1590; x_wconf 91' lang='lat' dir='ltr'>defensum</span> <span class='ocrx_word' id='word_1_179' title='bbox 1260 1557 1476 1591; x_wconf 84' lang='lat' dir='ltr'>revocatus</span> <span class='ocrx_word' id='word_1_180' title='bbox 1503 1549 1656 1591; x_wconf 90' lang='lat' dir='ltr'>bellum</span> 
     </span>
     <span class='ocr_line' id='line_1_28' title="bbox 300 1609 1656 1666; baseline 0.001 -15"><span class='ocrx_word' id='word_1_181' title='bbox 300 1611 431 1665; x_wconf 80' lang='lat' dir='ltr'>gessit</span> <span class='ocrx_word' id='word_1_182' title='bbox 465 1611 664 1652; x_wconf 87' lang='lat' dir='ltr'>adversus</span> <span class='ocrx_word' id='word_1_183' title='bbox 701 1611 750 1652; x_wconf 91' lang='lat' dir='ltr'>P.</span> <span class='ocrx_word' id='word_1_184' title='bbox 791 1609 1048 1665; x_wconf 84' lang='lat' dir='ltr'>Scipionem,</span> <span class='ocrx_word' id='word_1_185' title='bbox 1091 1625 1215 1664; x_wconf 90' lang='lat' dir='ltr'>quem</span> <span class='ocrx_word' id='word_1_186' title='bbox 1250 1612 1341 1666; x_wconf 89' lang='lat' dir='ltr'>ipse</span> <span class='ocrx_word' id='word_1_187' title='bbox 1376 1612 1509 1666; x_wconf 89' lang='lat' dir='ltr'>primo</span> <span class='ocrx_word' id='word_1_188' title='bbox 1546 1612 1656 1665; x_wconf 87' lang='lat' dir='ltr'>apud</span> 
     </span>
     <span class='ocr_line' id='line_1_29' title="bbox 302 1672 1656 1727; baseline 0.001 -15"><span class='ocrx_word' id='word_1_189' title='bbox 302 1672 568 1721; x_wconf 84' lang='lat' dir='ltr'>Rhodanum,</span> <span class='ocrx_word' id='word_1_190' title='bbox 611 1673 760 1713; x_wconf 89' lang='lat' dir='ltr'>iterum</span> <span class='ocrx_word' id='word_1_191' title='bbox 797 1673 909 1727; x_wconf 86' lang='lat' dir='ltr'>apud</span> <span class='ocrx_word' id='word_1_192' title='bbox 938 1672 1121 1721; x_wconf 86' lang='lat' dir='ltr'>Padum,</span> <span class='ocrx_word' id='word_1_193' title='bbox 1160 1673 1279 1714; x_wconf 89' lang='lat' dir='ltr'>tertio</span> <span class='ocrx_word' id='word_1_194' title='bbox 1318 1673 1429 1727; x_wconf 90' lang='lat' dir='ltr'>apud</span> <span class='ocrx_word' id='word_1_195' title='bbox 1460 1672 1656 1713; x_wconf 86' lang='lat' dir='ltr'>Trebiam</span> 
     </span>
     <span class='ocr_line' id='line_1_30' title="bbox 301 1733 1658 1788; baseline 0.001 -14"><span class='ocrx_word' id='word_1_196' title='bbox 301 1734 477 1788; x_wconf 88' lang='lat' dir='ltr'>fugarat.</span> <span class='ocrx_word' id='word_1_197' title='bbox 521 1748 616 1774; x_wconf 89' lang='lat' dir='ltr'>cum</span> <span class='ocrx_word' id='word_1_198' title='bbox 647 1733 726 1775; x_wconf 90' lang='lat' dir='ltr'>hoc</span> <span class='ocrx_word' id='word_1_199' title='bbox 751 1734 963 1775; x_wconf 83' lang='lat' dir='ltr'>exhaustis</span> <span class='ocrx_word' id='word_1_200' title='bbox 995 1735 1077 1774; x_wconf 89' lang='lat' dir='ltr'>iam</span> <span class='ocrx_word' id='word_1_201' title='bbox 1102 1735 1258 1788; x_wconf 88' lang='lat' dir='ltr'>patriae</span> <span class='ocrx_word' id='word_1_202' title='bbox 1289 1734 1555 1776; x_wconf 84' lang='lat' dir='ltr'>facultatibus</span> <span class='ocrx_word' id='word_1_203' title='bbox 1587 1749 1658 1775; x_wconf 90' lang='lat' dir='ltr'>cu-</span> 
     </span>
     <span class='ocr_line' id='line_1_31' title="bbox 299 1795 1657 1850; baseline 0.001 -15"><span class='ocrx_word' id='word_1_204' title='bbox 299 1795 403 1849; x_wconf 87' lang='lat' dir='ltr'>pivit</span> <span class='ocrx_word' id='word_1_205' title='bbox 437 1795 821 1848; x_wconf 84' lang='lat' dir='ltr'>impraesentiarum</span> <span class='ocrx_word' id='word_1_206' title='bbox 857 1795 1011 1836; x_wconf 88' lang='lat' dir='ltr'>bellum</span> <span class='ocrx_word' id='word_1_207' title='bbox 1043 1810 1307 1850; x_wconf 87' lang='lat' dir='ltr'>componere,</span> <span class='ocrx_word' id='word_1_208' title='bbox 1344 1811 1427 1849; x_wconf 91' lang='lat' dir='ltr'>quo</span> <span class='ocrx_word' id='word_1_209' title='bbox 1457 1796 1657 1837; x_wconf 84' lang='lat' dir='ltr'>valentior</span> 
     </span>
     <span class='ocr_line' id='line_1_32' title="bbox 300 1856 1658 1910; baseline -0.001 -13"><span class='ocrx_word' id='word_1_210' title='bbox 300 1862 446 1910; x_wconf 88' lang='lat' dir='ltr'>postea</span> <span class='ocrx_word' id='word_1_211' title='bbox 475 1856 803 1910; x_wconf 83' lang='lat' dir='ltr'>congrederetur.</span> <span class='ocrx_word' id='word_1_212' title='bbox 847 1856 889 1896; x_wconf 90' lang='lat' dir='ltr'>in</span> <span class='ocrx_word' id='word_1_213' title='bbox 923 1856 1173 1909; x_wconf 87' lang='lat' dir='ltr'>colloquium</span> <span class='ocrx_word' id='word_1_214' title='bbox 1211 1857 1421 1905; x_wconf 84' lang='lat' dir='ltr'>convenit3</span> <span class='ocrx_word' id='word_1_215' title='bbox 1458 1856 1658 1897; x_wconf 89' lang='lat' dir='ltr'>conditio-</span> 
     </span>
     <span class='ocr_line' id='line_1_33' title="bbox 301 1916 1656 1971; baseline 0 -14"><span class='ocrx_word' id='word_1_216' title='bbox 301 1932 375 1958; x_wconf 89' lang='lat' dir='ltr'>nes</span> <span class='ocrx_word' id='word_1_217' title='bbox 400 1932 483 1958; x_wconf 90' lang='lat' dir='ltr'>non</span> <span class='ocrx_word' id='word_1_218' title='bbox 507 1923 799 1958; x_wconf 89' lang='lat' dir='ltr'>convenerunt.</span> <span class='ocrx_word' id='word_1_219' title='bbox 836 1924 930 1971; x_wconf 89' lang='lat' dir='ltr'>post</span> <span class='ocrx_word' id='word_1_220' title='bbox 953 1917 996 1957; x_wconf 90' lang='lat' dir='ltr'>id</span> <span class='ocrx_word' id='word_1_221' title='bbox 1021 1917 1178 1957; x_wconf 86' lang='lat' dir='ltr'>factum</span> <span class='ocrx_word' id='word_1_222' title='bbox 1203 1918 1346 1971; x_wconf 89' lang='lat' dir='ltr'>paucis</span> <span class='ocrx_word' id='word_1_223' title='bbox 1373 1916 1520 1958; x_wconf 90' lang='lat' dir='ltr'>diebus</span> <span class='ocrx_word' id='word_1_224' title='bbox 1546 1918 1656 1971; x_wconf 83' lang='lat' dir='ltr'>apud</span> 
     </span>
     <span class='ocr_line' id='line_1_34' title="bbox 302 1977 1654 2032; baseline 0 -14"><span class='ocrx_word' id='word_1_225' title='bbox 302 1977 475 2019; x_wconf 88' lang='lat' dir='ltr'>Zamam</span> <span class='ocrx_word' id='word_1_226' title='bbox 507 1993 601 2019; x_wconf 89' lang='lat' dir='ltr'>cum</span> <span class='ocrx_word' id='word_1_227' title='bbox 632 1978 778 2019; x_wconf 87' lang='lat' dir='ltr'>eodem</span> <span class='ocrx_word' id='word_1_228' title='bbox 814 1978 1015 2027; x_wconf 85' lang='lat' dir='ltr'>conflixit3</span> <span class='ocrx_word' id='word_1_229' title='bbox 1055 1978 1219 2032; x_wconf 86' lang='lat' dir='ltr'>pulsus,</span> <span class='ocrx_word' id='word_1_230' title='bbox 1258 1978 1498 2019; x_wconf 87' lang='lat' dir='ltr'>incredibile</span> <span class='ocrx_word' id='word_1_231' title='bbox 1529 1979 1654 2027; x_wconf 89' lang='lat' dir='ltr'>dictu,</span> 
     </span>
     <span class='ocr_line' id='line_1_35' title="bbox 302 2039 1655 2094; baseline 0 -14"><span class='ocrx_word' id='word_1_232' title='bbox 302 2039 428 2080; x_wconf 90' lang='lat' dir='ltr'>biduo</span> <span class='ocrx_word' id='word_1_233' title='bbox 464 2046 505 2080; x_wconf 90' lang='lat' dir='ltr'>et</span> <span class='ocrx_word' id='word_1_234' title='bbox 539 2039 700 2080; x_wconf 91' lang='lat' dir='ltr'>duabus</span> <span class='ocrx_word' id='word_1_235' title='bbox 736 2039 926 2080; x_wconf 89' lang='lat' dir='ltr'>noctibus</span> <span class='ocrx_word' id='word_1_236' title='bbox 959 2040 1265 2080; x_wconf 87' lang='lat' dir='ltr'>Hadrumetum</span> <span class='ocrx_word' id='word_1_237' title='bbox 1301 2040 1507 2094; x_wconf 90' lang='lat' dir='ltr'>pervenit,</span> <span class='ocrx_word' id='word_1_238' title='bbox 1545 2040 1655 2093; x_wconf 87' lang='lat' dir='ltr'>quod</span> 
     </span>
     <span class='ocr_line' id='line_1_36' title="bbox 302 2100 1658 2156; baseline 0 -15"><span class='ocrx_word' id='word_1_239' title='bbox 302 2100 420 2141; x_wconf 85' lang='lat' dir='ltr'>abest</span> <span class='ocrx_word' id='word_1_240' title='bbox 444 2100 496 2141; x_wconf 89' lang='lat' dir='ltr'>ab</span> <span class='ocrx_word' id='word_1_241' title='bbox 517 2100 646 2141; x_wconf 86' lang='lat' dir='ltr'>Zama</span> <span class='ocrx_word' id='word_1_242' title='bbox 671 2100 831 2141; x_wconf 85' lang='lat' dir='ltr'>circiter</span> <span class='ocrx_word' id='word_1_243' title='bbox 854 2101 967 2142; x_wconf 89' lang='lat' dir='ltr'>milia</span> <span class='ocrx_word' id='word_1_244' title='bbox 991 2115 1142 2155; x_wconf 82' lang='lat' dir='ltr'>passus</span> <span class='ocrx_word' id='word_1_245' title='bbox 1168 2108 1361 2142; x_wconf 87' lang='lat' dir='ltr'>trecenta.</span> <span class='ocrx_word' id='word_1_246' title='bbox 1398 2101 1441 2141; x_wconf 92' lang='lat' dir='ltr'>in</span> <span class='ocrx_word' id='word_1_247' title='bbox 1461 2101 1537 2141; x_wconf 89' lang='lat' dir='ltr'>hac</span> <span class='ocrx_word' id='word_1_248' title='bbox 1556 2101 1658 2156; x_wconf 81' lang='lat' dir='ltr'>fuga</span> 
     </span>
     <span class='ocr_line' id='line_1_37' title="bbox 301 2161 1658 2215; baseline 0.001 -14"><span class='ocrx_word' id='word_1_249' title='bbox 301 2161 517 2211; x_wconf 88' lang='lat' dir='ltr'>Numidae,</span> <span class='ocrx_word' id='word_1_250' title='bbox 544 2162 615 2215; x_wconf 92' lang='lat' dir='ltr'>qui</span> <span class='ocrx_word' id='word_1_251' title='bbox 640 2162 762 2202; x_wconf 89' lang='lat' dir='ltr'>simul</span> <span class='ocrx_word' id='word_1_252' title='bbox 787 2177 881 2202; x_wconf 90' lang='lat' dir='ltr'>cum</span> <span class='ocrx_word' id='word_1_253' title='bbox 906 2177 954 2203; x_wconf 90' lang='lat' dir='ltr'>eo</span> <span class='ocrx_word' id='word_1_254' title='bbox 981 2178 1032 2203; x_wconf 87' lang='lat' dir='ltr'>ex</span> <span class='ocrx_word' id='word_1_255' title='bbox 1056 2163 1143 2203; x_wconf 90' lang='lat' dir='ltr'>acie</span> <span class='ocrx_word' id='word_1_256' title='bbox 1169 2169 1444 2212; x_wconf 88' lang='lat' dir='ltr'>excesserant,</span> <span class='ocrx_word' id='word_1_257' title='bbox 1477 2163 1658 2204; x_wconf 86' lang='lat' dir='ltr'>insidiati</span> 
     </span>
     <span class='ocr_line' id='line_1_38' title="bbox 304 2223 1656 2278; baseline 0 -15"><span class='ocrx_word' id='word_1_258' title='bbox 304 2229 398 2263; x_wconf 86' lang='lat' dir='ltr'>sunt</span> <span class='ocrx_word' id='word_1_259' title='bbox 417 2223 472 2272; x_wconf 87' lang='lat' dir='ltr'>ei3</span> <span class='ocrx_word' id='word_1_260' title='bbox 493 2237 596 2276; x_wconf 90' lang='lat' dir='ltr'>quos</span> <span class='ocrx_word' id='word_1_261' title='bbox 615 2238 698 2264; x_wconf 90' lang='lat' dir='ltr'>non</span> <span class='ocrx_word' id='word_1_262' title='bbox 724 2223 856 2264; x_wconf 90' lang='lat' dir='ltr'>solum</span> <span class='ocrx_word' id='word_1_263' title='bbox 877 2223 1035 2278; x_wconf 80' lang='lat' dir='ltr'>effugit,</span> <span class='ocrx_word' id='word_1_264' title='bbox 1063 2224 1136 2264; x_wconf 91' lang='lat' dir='ltr'>sed</span> <span class='ocrx_word' id='word_1_265' title='bbox 1158 2224 1280 2264; x_wconf 89' lang='lat' dir='ltr'>etiam</span> <span class='ocrx_word' id='word_1_266' title='bbox 1306 2224 1419 2278; x_wconf 90' lang='lat' dir='ltr'>ipsos</span> <span class='ocrx_word' id='word_1_267' title='bbox 1440 2224 1656 2278; x_wconf 89' lang='lat' dir='ltr'>oppressit.</span> 
     </span>
     <span class='ocr_line' id='line_1_39' title="bbox 302 2283 1660 2340; baseline 0.001 -16"><span class='ocrx_word' id='word_1_268' title='bbox 302 2283 551 2325; x_wconf 89' lang='lat' dir='ltr'>Hadrumeti</span> <span class='ocrx_word' id='word_1_269' title='bbox 574 2284 753 2338; x_wconf 90' lang='lat' dir='ltr'>reliquos</span> <span class='ocrx_word' id='word_1_270' title='bbox 779 2299 801 2325; x_wconf 90' lang='lat' dir='ltr'>e</span> <span class='ocrx_word' id='word_1_271' title='bbox 826 2284 927 2339; x_wconf 87' lang='lat' dir='ltr'>fuga</span> <span class='ocrx_word' id='word_1_272' title='bbox 952 2285 1135 2339; x_wconf 81' lang='lat' dir='ltr'>collegit3</span> <span class='ocrx_word' id='word_1_273' title='bbox 1162 2285 1279 2326; x_wconf 86' lang='lat' dir='ltr'>novis</span> <span class='ocrx_word' id='word_1_274' title='bbox 1305 2285 1532 2326; x_wconf 88' lang='lat' dir='ltr'>delectibus</span> <span class='ocrx_word' id='word_1_275' title='bbox 1557 2299 1660 2340; x_wconf 88' lang='lat' dir='ltr'>pau-</span> 
     </span>
     <span class='ocr_line' id='line_1_40' title="bbox 303 2345 955 2387; baseline 0 -1"><span class='ocrx_word' id='word_1_276' title='bbox 303 2346 362 2386; x_wconf 90' lang='lat' dir='ltr'>cis</span> <span class='ocrx_word' id='word_1_277' title='bbox 389 2345 535 2386; x_wconf 89' lang='lat' dir='ltr'>diebus</span> <span class='ocrx_word' id='word_1_278' title='bbox 562 2346 714 2387; x_wconf 91' lang='lat' dir='ltr'>multos</span> <span class='ocrx_word' id='word_1_279' title='bbox 741 2346 955 2387; x_wconf 87' lang='lat' dir='ltr'>contraxit.</span> 
     </span>
    </p>

    <p class='ocr_par' dir='ltr' id='par_1_8' title="bbox 303 2406 1657 2709">
     <span class='ocr_line' id='line_1_41' title="bbox 370 2406 1656 2463; baseline 0.002 -16"><span class='ocrx_word' id='word_1_280' title='bbox 370 2406 470 2447; x_wconf 86' lang='lat' dir='ltr'>VII.</span> <span class='ocrx_word' id='word_1_281' title='bbox 516 2406 626 2448; x_wconf 90' lang='lat' dir='ltr'>Cum</span> <span class='ocrx_word' id='word_1_282' title='bbox 666 2407 709 2447; x_wconf 90' lang='lat' dir='ltr'>in</span> <span class='ocrx_word' id='word_1_283' title='bbox 745 2408 983 2462; x_wconf 84' lang='lat' dir='ltr'>apparando</span> <span class='ocrx_word' id='word_1_284' title='bbox 1025 2408 1221 2449; x_wconf 88' lang='lat' dir='ltr'>acerrime</span> <span class='ocrx_word' id='word_1_285' title='bbox 1265 2414 1375 2449; x_wconf 84' lang='lat' dir='ltr'>esset</span> <span class='ocrx_word' id='word_1_286' title='bbox 1417 2414 1656 2463; x_wconf 85' lang='lat' dir='ltr'>occupatus,</span> 
     </span>
     <span class='ocr_line' id='line_1_42' title="bbox 305 2467 1657 2524; baseline -0.001 -14"><span class='ocrx_word' id='word_1_287' title='bbox 305 2467 669 2524; x_wconf 83' lang='lat' dir='ltr'>Carthaginienses</span> <span class='ocrx_word' id='word_1_288' title='bbox 694 2469 848 2510; x_wconf 89' lang='lat' dir='ltr'>bellum</span> <span class='ocrx_word' id='word_1_289' title='bbox 874 2484 968 2510; x_wconf 92' lang='lat' dir='ltr'>cum</span> <span class='ocrx_word' id='word_1_290' title='bbox 993 2469 1194 2510; x_wconf 81' lang='lat' dir='ltr'>Romanis</span> <span class='ocrx_word' id='word_1_291' title='bbox 1221 2476 1552 2524; x_wconf 87' lang='lat' dir='ltr'>composuerunt.</span> <span class='ocrx_word' id='word_1_292' title='bbox 1591 2469 1657 2510; x_wconf 90' lang='lat' dir='ltr'>ille</span> 
     </span>
     <span class='ocr_line' id='line_1_43' title="bbox 303 2530 1657 2585; baseline 0 -15"><span class='ocrx_word' id='word_1_293' title='bbox 303 2530 429 2571; x_wconf 89' lang='lat' dir='ltr'>nihilo</span> <span class='ocrx_word' id='word_1_294' title='bbox 467 2530 602 2571; x_wconf 88' lang='lat' dir='ltr'>secius</span> <span class='ocrx_word' id='word_1_295' title='bbox 639 2530 836 2571; x_wconf 85' lang='lat' dir='ltr'>exercitui</span> <span class='ocrx_word' id='word_1_296' title='bbox 872 2537 1018 2584; x_wconf 87' lang='lat' dir='ltr'>postca</span> <span class='ocrx_word' id='word_1_297' title='bbox 1053 2531 1231 2585; x_wconf 86' lang='lat' dir='ltr'>praefuit</span> <span class='ocrx_word' id='word_1_298' title='bbox 1261 2546 1409 2584; x_wconf 88' lang='lat' dir='ltr'>resque</span> <span class='ocrx_word' id='word_1_299' title='bbox 1439 2532 1482 2571; x_wconf 90' lang='lat' dir='ltr'>in</span> <span class='ocrx_word' id='word_1_300' title='bbox 1511 2531 1657 2572; x_wconf 81' lang='lat' dir='ltr'>Africa</span> 
     </span>
     <span class='ocr_line' id='line_1_44' title="bbox 303 2591 1653 2647; baseline -0.001 -16"><span class='ocrx_word' id='word_1_301' title='bbox 303 2592 433 2645; x_wconf 81' lang='lat' dir='ltr'>gessit</span> <span class='ocrx_word' id='word_1_302' title='bbox 462 2592 643 2645; x_wconf 89' lang='lat' dir='ltr'>itemque</span> <span class='ocrx_word' id='word_1_303' title='bbox 668 2591 800 2646; x_wconf 88' lang='lat' dir='ltr'>Mago</span> <span class='ocrx_word' id='word_1_304' title='bbox 831 2592 957 2633; x_wconf 84' lang='lat' dir='ltr'>frater</span> <span class='ocrx_word' id='word_1_305' title='bbox 981 2593 1069 2634; x_wconf 90' lang='lat' dir='ltr'>eius</span> <span class='ocrx_word' id='word_1_306' title='bbox 1095 2607 1228 2646; x_wconf 88' lang='lat' dir='ltr'>usque</span> <span class='ocrx_word' id='word_1_307' title='bbox 1253 2593 1306 2633; x_wconf 91' lang='lat' dir='ltr'>ad</span> <span class='ocrx_word' id='word_1_308' title='bbox 1331 2592 1379 2633; x_wconf 93' lang='lat' dir='ltr'>P.</span> <span class='ocrx_word' id='word_1_309' title='bbox 1409 2592 1653 2647; x_wconf 84' lang='lat' dir='ltr'>Sulpicium,</span> 
     </span>
     <span class='ocr_line' id='line_1_45' title="bbox 307 2651 1654 2709; baseline 0.001 -18"><span class='ocrx_word' id='word_1_310' title='bbox 307 2652 355 2692; x_wconf 83' lang='lat' dir='ltr'>C.</span> <span class='ocrx_word' id='word_1_311' title='bbox 371 2651 589 2693; x_wconf 86' lang='lat' dir='ltr'>Aurelium</span> <span class='ocrx_word' id='word_1_312' title='bbox 614 2653 817 2694; x_wconf 87' lang='lat' dir='ltr'>consules.</span> <span class='ocrx_word' id='word_1_313' title='bbox 856 2653 920 2695; x_wconf 88' lang='lat' dir='ltr'>his</span> <span class='ocrx_word' id='word_1_314' title='bbox 947 2654 1054 2694; x_wconf 83' lang='lat' dir='ltr'>enim</span> <span class='ocrx_word' id='word_1_315' title='bbox 1081 2655 1389 2709; x_wconf 84' lang='lat' dir='ltr'>magistratibus</span> <span class='ocrx_word' id='word_1_316' title='bbox 1414 2654 1538 2708; x_wconf 88' lang='lat' dir='ltr'>legati</span> <span class='ocrx_word' id='word_1_317' title='bbox 1553 2652 1654 2693; x_wconf 84' lang='lat' dir='ltr'>Car-</span> 
     </span>
    </p>
   </div>
  </div>
 </body>
</html>
