1741 3184
579 213 977 250 THEMISTOCLES.
1408 206 1421 244 l
1438 206 1453 244 l

104 289 215 343 quod
233 304 395 331 summa
413 287 623 330 colebatur
641 289 899 338 caerimonia,
921 288 1105 330 coniecit.
1130 288 1225 329 inde
1243 302 1325 329 non
1343 287 1457 342 prius

104 366 296 406 egressus
322 357 397 399 est,
422 364 548 403 quam
571 364 644 389 rex
669 364 764 390 eum
789 350 885 390 data
909 350 1054 390 dextra
1083 350 1126 390 in
1154 350 1278 391 fidem
1303 349 1458 403 recipe-

103 419 181 461 ret3
207 426 331 465 quam
355 410 569 465 praestitit.
606 425 702 450 nam
727 425 822 450 cum
847 410 899 451 ab
920 410 1246 451 Atheniensibus
1272 417 1312 451 et
1324 410 1458 451 Lace-

102 473 328 514 daemoniis
358 479 650 525 exposceretur
679 471 861 526 publice,
894 471 1122 524 supplicem
1153 486 1236 511 non
1265 471 1455 525 prodidit,

101 534 354 587 monuitque,
381 542 427 574 ut
451 533 683 574 consuleret
708 533 805 574 sibi:
838 533 1006 573 difficile
1031 533 1140 573 enim
1165 547 1275 581 esse,
1307 532 1348 572 in
1374 539 1457 572 tam

99 596 330 651 propinquo
355 595 447 637 loco
472 604 559 636 tuto
585 611 680 636 eum
698 595 865 636 versari.
901 595 1040 647 itaque
1059 594 1250 649 Pydnam
1275 608 1369 634 eum
1388 594 1458 634 de-

1483 425 1502 454 5

99 658 195 699 duci
223 657 344 699 iussit
375 664 415 698 et
438 658 550 711 quod
581 657 681 698 satis
712 664 822 698 esset
851 656 1045 711 praesidii
1070 655 1194 696 dedit.
1231 654 1298 695 hie
1321 655 1363 695 in
1387 669 1458 695 na·
1483 669 1501 698 6

102 733 194 760 vem
219 719 410 760 omnibus
442 719 608 774 ignotus
639 718 776 759 nautis
808 718 1003 759 escendit.
1047 732 1152 770 quae
1178 731 1272 757 cum
1303 722 1459 770 tempe-

100 788 205 822 state
229 781 411 821 maxima
428 781 594 821 Naxum
618 780 805 829 ferretur,
832 780 903 821 ubi
928 787 1016 819 tum
1028 778 1347 819 Atheniensium
1373 784 1459 818 erat

100 842 317 891 exereitus,
344 842 472 883 sensit
492 841 806 890 Themistocles,
833 841 868 882 si
893 856 942 882 eo
966 840 1234 895 pervenisset,
1263 839 1341 880 sibi
1365 853 1457 880 esse

99 904 366 959 pereundum.
415 904 493 944 hae
529 904 773 945 necessitate
811 910 977 944 coactus
1014 902 1181 943 domino
1212 901 1349 950 navis,
1386 901 1458 953 qui

102 967 166 1015 sit,
192 967 334 1020 aperit,
361 966 491 1006 multa
513 966 725 1020 pollicens,
752 965 786 1006 si
813 980 857 1005 se
883 974 1180 1005 conservasset.
1218 970 1260 1004 at
1282 962 1350 1003 ille
1375 962 1458 1002 ela-

99 1029 253 1070 rissimi
277 1028 354 1068 viri
378 1036 522 1082 captus
548 1027 829 1068 misericordia
853 1027 962 1067 diem
981 1033 1225 1078 noctemque
1244 1024 1386 1078 procul
1406 1023 1456 1064 ab

100 1089 236 1130 insula
259 1089 301 1129 in
326 1089 413 1130 salo
443 1103 591 1129 navem
617 1089 748 1129 tenuit
775 1088 818 1128 in
844 1087 1018 1136 ancoris,
1050 1101 1183 1139 neque
1208 1099 1458 1139 quemquam

100 1166 152 1192 ex
188 1165 237 1192 ea
268 1151 379 1191 exire
409 1165 559 1205 passus
592 1158 667 1191 est.
716 1150 813 1191 inde
843 1149 1061 1204 Ephesum
1098 1147 1285 1202 pervenit
1319 1147 1458 1199 ibique

101 1212 423 1253 Themistoclem
459 1212 645 1267 exponit3
683 1212 750 1254 cui
786 1211 853 1252 ille
884 1225 958 1266 pro
994 1210 1148 1251 meritis
1184 1215 1330 1264 postea
1365 1223 1459 1263 gra-

99 1275 198 1315 tiam
223 1274 373 1315 retulit.

164 1335 248 1377 IX.
288 1334 384 1377 Scio
404 1336 622 1390 plerosque
642 1335 699 1376 ita
718 1335 946 1389 scripsisse,
974 1332 1297 1375 Themistoclem
1311 1331 1455 1372 Xerxe

97 1404 295 1454 regnante
319 1398 363 1439 in
384 1398 535 1439 Asiam
560 1398 769 1439 transisse.
808 1397 881 1438 sed
906 1412 984 1452 ego
1009 1396 1270 1451 potissimum
1291 1394 1458 1448 Thucy-

99 1460 185 1500 didi
209 1460 344 1509 credo,
370 1460 483 1513 quod
506 1467 639 1501 aetate
670 1459 883 1514 proximus
909 1460 959 1499 de
984 1459 1047 1508 iis,
1074 1457 1144 1511 qui
1168 1457 1330 1498 illorum
1355 1462 1458 1496 tem-

99 1537 245 1577 porum
269 1522 483 1562 historiam
512 1522 782 1575 reliquerunt,
815 1528 856 1561 et
880 1520 1066 1561 eiusdem
1091 1519 1267 1560 civitatis
1293 1517 1384 1558 fuit.
1421 1516 1456 1556 is

99 1591 236 1624 autem
262 1584 336 1632 ait,
369 1584 421 1624 ad
445 1582 722 1624 Artaxerxem
754 1598 848 1624 eum
873 1582 1050 1631 venisse,
1083 1587 1205 1634 atque
1230 1580 1294 1621 his
1319 1578 1455 1619 verbis

100 1645 315 1699 epistolam
340 1645 521 1686 misisse:
550 1644 880 1695 „Themistocles
904 1643 999 1684 veni
1024 1643 1077 1683 ad
1102 1649 1154 1691 te,
1186 1642 1256 1694 qui
1281 1640 1457 1695 plurima

97 1707 205 1747 mala
235 1707 449 1748 hominum
464 1705 684 1748 Graiorum
708 1706 750 1746 in
769 1706 938 1746 domum
959 1715 1071 1745 tuam
1096 1703 1227 1751 intuli,
1256 1701 1457 1755 quamdiu

97 1769 196 1809 mihi
221 1783 391 1809 necesse
416 1768 506 1817 fuit,
532 1768 753 1809 adversum
771 1774 931 1821 patrem
956 1773 1072 1806 tuum
1091 1765 1244 1806 bellare
1264 1763 1458 1818 patriam-

97 1845 177 1883 que
207 1845 343 1871 meam
373 1830 607 1870 defendere.
643 1829 754 1869 idem
784 1828 914 1869 multo
944 1827 1062 1881 plura
1086 1826 1196 1867 bona
1220 1825 1312 1873 feci,
1343 1831 1456 1878 post-

96 1906 221 1945 quam
244 1892 288 1932 in
312 1898 399 1932 tuto
418 1892 520 1946 ipse,
546 1897 587 1932 et
603 1891 671 1932 ille
690 1890 733 1931 in
752 1889 932 1945 periculo
951 1903 1043 1929 esse
1063 1888 1209 1942 coepit.
1246 1902 1342 1927 nam
1362 1900 1457 1926 cum

96 1954 138 1994 in
162 1953 310 1994 Asiam
339 1953 490 1994 reverti
518 1953 642 1994 vellet
671 1952 826 2007 proelio
857 1951 969 2006 apud
996 1949 1208 1992 Salamina
1233 1948 1360 1996 sacto,
1392 1947 1457 1987 lit-

97 2015 192 2056 teris
218 2030 313 2056 eum
338 2015 552 2056 certiorem
576 2014 669 2064 feci,
695 2015 738 2055 id
762 2014 842 2069 agi,
869 2020 914 2053 ut
938 2027 1056 2067 pons,
1083 2025 1206 2065 quem
1230 2010 1273 2050 in
1290 2009 1457 2050 Helles-

96 2083 222 2131 ponto
246 2077 418 2126 fecerat,
446 2076 741 2117 dissolveretur
772 2082 895 2128 atque
926 2073 977 2115 ab
1003 2072 1192 2114 hostibus
1223 2070 1457 2112 circumire-

97 2148 179 2188 tur,
217 2152 298 2192 quo
333 2139 476 2179 nuntio
513 2138 581 2179 ille
611 2136 793 2192 periculo
825 2142 888 2177 est
917 2135 1127 2176 liberatus.
1176 2146 1287 2173 nunc
1317 2138 1454 2172 autem

97 2200 266 2254 confugi
296 2201 349 2241 ad
378 2208 417 2241 te
449 2200 680 2255 exagitatus
713 2215 737 2240 a
762 2205 910 2240 cuncta
935 2195 1129 2246 Graecia,
1168 2203 1282 2237 tuam
1312 2204 1455 2249 petens

98 2260 330 2301 amicitiam.
380 2276 505 2314 quam
536 2261 570 2302 si
601 2276 670 2302 ero
701 2260 887 2315 adeptus,
919 2275 1001 2300 non
1039 2259 1175 2299 minus
1206 2271 1272 2297 me
1302 2256 1455 2297 bonum

98 2321 275 2362 amicum
300 2321 485 2372 habebis,
511 2337 636 2375 quam
660 2322 810 2364 fortem
833 2321 1046 2362 inimicum
1070 2320 1137 2361 ille
1162 2326 1354 2373 expertus
1380 2326 1454 2358 est.

98 2397 147 2423 ea
171 2390 307 2423 autem
332 2398 447 2438 rogo,
472 2390 518 2423 ut
542 2385 593 2424 de
617 2384 667 2424 iis
692 2383 829 2432 rebus,
855 2398 958 2436 quas
985 2391 1121 2423 tecum
1146 2380 1322 2433 colloqui
1347 2379 1453 2427 volo,

98 2459 281 2484 annuum
316 2444 418 2484 mihi
453 2450 615 2498 tempus
652 2445 725 2485 des
762 2459 893 2497 eoque
925 2451 1131 2485 transacto
1163 2443 1216 2483 ad
1247 2449 1285 2482 te
1316 2441 1454 2482 venire

97 2506 305 2560 patiaris.“
836 2548 839 2552 ,

164 2567 224 2608 Χ.
261 2567 402 2609 Huius
426 2583 500 2608 rex
524 2568 650 2609 animi
681 2567 1008 2621 magnitudinem
1033 2566 1239 2606 admirans
1266 2564 1454 2619 cupiens-

97 2644 176 2682 que
208 2629 331 2670 talem
361 2630 494 2670 virum
527 2630 604 2670 sibi
635 2628 843 2670 conciliari
875 2628 1036 2669 veniam
1068 2627 1192 2667 dedit.
1234 2626 1303 2666 ille
1334 2640 1454 2666 omne

96 2691 197 2732 illud
210 2698 372 2746 tempus
386 2691 530 2732 litteris
545 2691 805 2744 sermonique
819 2690 1040 2731 Persarum
1063 2704 1106 2729 se
1121 2687 1289 2735 dedidit,
1305 2686 1453 2740 quibus

1486 976 1500 1003 7

1485 1343 1498 1371 1

1482 1650 1500 1678 ΚΟ

1482 1835 1500 1864 3

1483 2141 1500 2171 4
