1741 3184
659 182 977 218 ALCIBIADES.
1436 175 1487 215 21

142 277 222 316 que
246 262 402 304 maiora
424 264 566 315 posset
590 259 799 311 consequi,
826 273 951 312 quam
975 258 1042 299 vel
1065 266 1212 299 natura
1235 258 1301 299 vel
1326 257 1492 300 fortuna

142 324 350 366 tribuerat.
386 323 551 363 ineunte
575 320 852 361 adolescentia
875 327 1035 361 amatus
1061 327 1124 361 est
1148 335 1172 361 a
1196 320 1334 361 multis
1354 334 1491 361 amore
1517 334 1535 364 2

144 383 414 432 Graecorum,
451 383 494 423 in
529 382 588 423 eis
618 396 643 422 a
674 379 845 422 Socrate
884 379 954 435 [de
990 395 1072 433 quo
1107 382 1357 423 mentionem
1392 382 1492 423 facit

142 446 262 487 Plato
291 445 334 486 in
365 443 601 498 Symposio.
649 456 827 495 namque
858 456 952 482 eum
980 442 1142 482 induxit
1171 457 1494 485 commemoran-
1519 458 1538 486 3

143 514 237 555 tem,
264 520 308 547 se
332 511 597 560 pernoctasse
627 518 722 545 cum
749 502 919 545 Socrate
949 517 1082 557 neque
1107 503 1224 544 aliter
1252 504 1304 545 ab
1330 519 1378 545 eo
1404 520 1493 545 sur-

141 567 297 608 rexisse
322 581 370 608 ae
394 567 502 607 filius
528 582 553 607 a
575 572 744 621 parente
774 562 994 620 debuerit]
1042 570 1187 619 postea
1215 579 1341 618 quam
1371 565 1493 606 robu-
1520 580 1539 609 4

143 629 242 670 stior
277 635 340 670 est
374 628 523 678 factus,
560 643 643 669 non
678 627 813 668 minus
850 626 1001 668 multos
1039 627 1209 676 amavit,
1245 627 1288 667 in
1318 641 1493 680 quorum

141 705 292 740 amore,
319 691 455 744 quoad
478 690 636 731 licitum
660 695 734 738 est,
761 688 904 730 odiosa
928 688 1057 729 multa
1081 687 1254 729 delicate
1278 688 1495 742 iocoseque

141 753 252 802 feeit,
278 767 383 806 quae
407 752 667 801 referremus,
692 751 772 792 nisi
797 750 952 791 maiora
974 750 1134 804 potiora
1161 749 1421 790 haberemus.

209 814 291 855 III.
327 814 445 855 Bello
459 813 762 868 Peloponnesio
780 812 902 853 huius
917 812 1087 852 oonsilio
1108 818 1230 865 atque
1255 812 1494 853 auctoritate

142 875 420 917 Athenienses
446 875 600 916 bellum
626 873 899 929 Syracusanis
924 873 1157 914 indixerunt
1166 890 1176 923 ;
1213 873 1266 914 ad
1291 874 1400 926 quod
1424 888 1496 928 ge-

142 938 316 979 rendum
340 937 428 992 ipse
453 938 538 977 dux
557 936 739 977 delectus
759 942 832 985 est,
860 935 941 976 duo
965 941 1176 989 praeterea
1194 934 1376 990 collegae
1396 935 1493 984 dati,

143 999 281 1040 Nicias
308 1005 348 1039 et
358 998 612 1039 Lamachus.
649 997 691 1038 id
704 1012 798 1038 eum
817 1002 1093 1051 appararetur,
1119 996 1232 1050 prius
1247 1010 1371 1048 quam
1391 996 1496 1036 clas-

143 1061 200 1102 sis
226 1060 366 1110 exiret,
392 1060 551 1108 accidit,
577 1065 623 1099 ut
647 1074 729 1099 una
747 1065 866 1099 noete
886 1072 1028 1098 omnes
1044 1057 1242 1106 Hermae,
1268 1057 1338 1110 qui
1363 1057 1404 1097 in
1424 1072 1496 1111 op-

141 1123 238 1177 pido
264 1128 379 1163 erant
402 1121 598 1170 Athenis,
625 1121 915 1168 deiicerentur,
942 1126 1104 1174 praeter
1127 1134 1273 1168 unum,
1306 1119 1377 1171 qui
1401 1125 1494 1159 ante

142 1185 308 1225 ianuam
339 1189 425 1224 erat
448 1182 670 1224 Andocidi.
712 1182 851 1235 itaque
880 1181 948 1221 ille
979 1187 1125 1235 postea
1147 1179 1381 1221 Mercurius
1406 1179 1497 1220 An-

142 1245 300 1287 docidis
325 1245 527 1286 vocitatus
554 1250 628 1285 est.
665 1243 744 1285 hoo
769 1258 861 1284 cum
887 1248 1102 1297 appareret
1126 1257 1209 1283 non
1234 1242 1321 1282 sine
1346 1257 1497 1296 magna
1524 1256 1528 1264 ·

142 1307 364 1348 multorum
384 1306 653 1348 consensione
673 1319 764 1346 esse
783 1305 951 1354 factum,
978 1318 1083 1357 quae
1102 1319 1185 1344 non
1204 1304 1257 1344 ad
1281 1303 1495 1357 privatam,

143 1369 217 1410 sed
246 1368 454 1423 publicam
483 1383 570 1409 rem
599 1367 836 1422 pertineret,
874 1381 1051 1421 magnus
1088 1365 1340 1406 multitudini
1375 1365 1497 1405 timor

143 1436 206 1470 est
235 1430 427 1479 iniectus,
464 1443 515 1470 ne
546 1443 627 1482 qua
661 1427 875 1483 repentina
903 1427 965 1468 vis
997 1427 1040 1468 in
1070 1427 1234 1468 civitate
1266 1427 1494 1476 exsisteret,

142 1505 248 1544 quae
272 1491 503 1531 libertatem
520 1489 767 1544 opprimeret
791 1488 945 1543 populi.
983 1489 1060 1530 hoc
1079 1489 1257 1529 maxime
1277 1488 1495 1529 convenire
1521 1519 1527 1523 .

143 1552 185 1592 in
198 1552 460 1593 Alcibiadem
483 1551 711 1601 videbatur,
738 1551 849 1605 quod
873 1556 914 1591 et
936 1551 1141 1605 potentior
1160 1557 1199 1591 ct
1223 1550 1353 1590 maior
1373 1564 1496 1603 quam

144 1614 328 1668 privatus
355 1613 678 1655 existimabatur.
716 1612 868 1653 multos
901 1612 1009 1653 enim
1034 1612 1275 1652 liberalitate
1301 1612 1497 1652 devinxe-

142 1682 216 1724 rat,
242 1676 380 1730 plules
406 1675 528 1716 etiam
548 1690 672 1730 opera
696 1674 851 1716 forensi
877 1689 974 1715 suos
999 1674 1244 1715 reddiderat.
1281 1688 1406 1726 quare
1425 1674 1496 1714 fic-

145 1737 231 1786 bat,
264 1744 307 1778 ut
332 1737 516 1778 omnium
541 1737 701 1786 oculos,
733 1736 1075 1790 quotiescumque
1100 1736 1142 1776 in
1166 1735 1378 1790 publicum
1403 1750 1497 1804 pro-

143 1799 290 1848 disset,
323 1798 375 1839 ad
400 1813 445 1839 se
470 1804 743 1847 converteret,
769 1812 903 1851 neque
928 1797 965 1838 ei
988 1812 1063 1852 par
1088 1797 1307 1850 quisquam
1331 1796 1373 1836 in
1399 1796 1461 1837 cix
1464 1797 1497 1836 i-

142 1865 224 1900 tate
255 1866 487 1914 poneretur.
523 1860 662 1913 itaque
697 1874 781 1900 non
812 1859 946 1900 solum
978 1873 1094 1913 spem
1130 1859 1172 1898 in
1203 1873 1251 1899 eo
1287 1857 1497 1898 habebant

141 1921 383 1970 maximam,
415 1921 489 1962 sed
514 1921 637 1962 etiam
662 1921 867 1971 timorem,
900 1921 1011 1974 quod
1036 1927 1076 1961 et
1102 1920 1250 1961 obesse
1274 1920 1495 1974 plurimum

141 1989 181 2023 et
205 1983 399 2037 prodesse
424 1989 594 2037 poterat.
643 1982 940 2037 aspergebatur
965 1983 1088 2023 etiam
1113 1981 1295 2031 infamia,
1323 1982 1433 2034 quod
1453 1982 1493 2021 in

141 2045 262 2086 domo
289 2061 364 2086 sua
387 2045 523 2086 facere
548 2046 745 2100 mysteria
764 2044 988 2095 dicebatur,
1010 2045 1121 2098 quod
1140 2044 1258 2085 nefas
1279 2050 1365 2084 erat
1384 2058 1495 2084 more

139 2107 478 2157 Atheniensium,
509 2107 633 2161 idque
664 2123 746 2149 non
771 2108 824 2148 ad
847 2107 1101 2162 religionem,
1135 2106 1207 2148 sed
1233 2106 1285 2147 ad
1310 2105 1496 2146 coniura-

142 2169 293 2209 tionem
319 2170 521 2223 pertinere
546 2169 871 2211 existimabatur.

207 2230 283 2271 IV.
320 2231 416 2272 Hoc
435 2231 603 2272 crimine
623 2231 665 2272 in
684 2231 873 2272 contione
892 2229 943 2272 ab
963 2230 1138 2271 inimicis
1158 2228 1492 2284 compellabatur.

142 2291 215 2330 sed
239 2291 419 2332 instabat
443 2299 605 2347 tempus
631 2293 683 2333 ad
714 2292 868 2334 bellum
892 2292 1191 2347 proficiscendi.
1228 2292 1270 2332 id
1294 2292 1361 2332 ille
1387 2291 1495 2330 intu-

142 2366 214 2392 ens
240 2367 372 2405 neque
397 2353 592 2407 ignorans
618 2354 769 2394 civium
795 2369 962 2395 suorum
989 2354 1326 2395 consuetudinem
1353 2359 1495 2407 postu-

140 2412 264 2462 labat,
292 2414 326 2454 si
351 2414 451 2467 quid
476 2415 526 2455 de
553 2429 596 2455 se
616 2415 684 2469 agi
709 2415 872 2464 vellent,
899 2416 1035 2469 potius
1061 2416 1112 2456 de
1136 2422 1350 2470 prae-sente
1369 2428 1496 2467 quae-

142 2474 218 2514 stio
243 2475 473 2525 haberetur,
499 2490 623 2529 quam
648 2476 798 2517 absens
823 2477 1000 2517 invidiae
1027 2477 1193 2517 crimine
1219 2482 1492 2517 accusaretur.

139 2536 293 2577 inimici
313 2552 410 2578 vero
426 2538 512 2578 cius
532 2538 888 2591 quiescendum'in
901 2538 1118 2592 praesenti,
1139 2538 1236 2591 quia
1254 2537 1391 2578 noceri
1411 2552 1491 2578 non

139 2613 262 2652 posse
288 2599 587 2654 intelligebant,
621 2607 660 2640 ct
684 2600 786 2640 illud
816 2607 979 2654 tempus
1005 2599 1328 2654 exspectandum
1354 2599 1493 2639 dccrc-

141 2675 210 2701 xci
214 2668 303 2711 unt
341 2676 423 2715 quo
454 2662 624 2712 exisset,
662 2668 706 2703 ut
736 2662 949 2704 absentem
980 2662 1319 2717 aggrederentur3
1355 2661 1491 2715 itaque

1522 1010 1540 1037 [ὗ

1524 1254 1541 1283 ὂ

1522 1687 1541 1715 5

1519 2549 1536 2578 2
